1835 2984
90 82 115 113 2
137 82 155 113 1
175 81 319 113 32--39
378 81 398 112 2
419 81 439 112 2
462 81 560 112 1—5

664 74 1082 108 TRINVMMVS.
1593 76 1647 118 55

261 176 402 229 Apage
432 181 471 214 te
500 176 572 218 sis.
606 187 734 214 amor:
767 176 855 214 tuas
884 188 948 214 res
978 175 1048 214 tihi
1077 175 1240 216 habeto:

262 232 406 275 Amor,
439 230 588 270 amicus
618 231 713 269 mihi
743 231 792 269 ne
822 232 908 270 fuas
939 230 1139 283 umquam.

261 286 361 326 Sunt
390 292 543 330 tamen,
576 287 674 336 quos
703 288 819 325 nimis
849 287 1015 325 miseros
1045 287 1224 339 maleque
1255 287 1424 333 habeas,

261 342 366 388 Ques
394 341 467 380 tibi
498 340 686 380 obnoxios
712 341 843 388 facile
872 342 1011 380 fecisti.

260 398 374 438 Certa
404 410 469 436 res
500 397 559 435 est
588 396 635 435 ad
666 397 820 444 frugem
852 396 1050 447 adplicare
1082 398 1274 442 animum,
1559 397 1643 438 270

259 453 502 502 Quamquam
532 451 588 490 ihi
618 453 748 490 animo
780 451 893 491 labos
922 452 1081 503 grandis
1111 455 1280 504 capitur.
1602 461 1643 492 35

256 509 356 547 Βόηί
386 507 462 547 sibi
491 507 588 546 haec
619 507 828 558 expetunt,
860 507 964 553 rem,
997 508 1134 553 fidem,
1169 509 1382 554 honorem,

259 563 431 602 Gloriam
464 569 501 602 et
532 564 715 613 gratiam:
748 563 822 602 hoc
852 562 989 614 probis
1018 565 1242 615 pretiumst.

258 619 313 657 Eo
344 618 440 657 mihi
470 619 597 669 maigis
627 618 734 658 lubet
765 619 854 658 ci'un
885 619 1020 670 probis
1050 620 1181 670 potius
1212 633 1328 672 quam

356 675 451 713 Cum
484 674 663 725 inprobis
693 675 830 713 uiuere
862 675 1068 714 uanidicis.
1559 675 1644 717 275

506 896 777 929 PHILTO.
823 897 1221 930 LYSITELES.

83 986 161 1026 PH.
201 985 284 1032 Quo
315 986 394 1025 illic
424 985 541 1024 homo
573 987 678 1025 foras
709 997 751 1025 se
782 986 1005 1038 penetrauit
1037 999 1082 1026 ex
1114 987 1304 1027 aedibus?
1558 986 1642 1028 276

142 1043 215 1081 LY.
256 1042 390 1087 Pater,
423 1041 580 1081 adsum:
614 1041 771 1093 quiduis
800 1044 969 1093 impera,
1558 1042 1640 1083 277

138 1098 220 1137 Nec
250 1097 320 1136 tibi
351 1110 419 1137 ero
451 1099 490 1136 iu
522 1098 633 1136 mori}
664 1110 737 1137 nec
767 1096 965 1137 latebiwise
1536 1098 1640 1139 278²

139 1153 226 1193 Med
259 1154 327 1205 eps
357 1159 424 1192 tuo
456 1154 671 1205 conspectu
702 1154 919 1193 occultabo.
1536 1153 1640 1195 2781’

82 1209 159 1248 PH.
198 1208 360 1248 Feceris
390 1209 462 1260 piu·
493 1210 571 1248 tuis
603 1209 746 1248 ceteris
775 1210 907 1254 fectis,
1555 1209 1639 1250 279

197 1265 355 1304 Patrem
385 1272 493 1303 tuom
525 1265 558 1303 si
587 1264 766 1316 percoles
797 1265 868 1316 per
898 1266 1097 1317 pietatem.
1554 1265 1639 1306 280

138 1319 236 1359 Nolo
268 1332 341 1371 ego
372 1333 460 1359 cum
490 1319 666 1371 inprobis
699 1320 735 1358 te
767 1322 884 1365 uiris,
917 1322 1032 1371 gnate
1063 1322 1134 1365 mi,
1556 1320 1638 1362 281

83 1376 219 1428 Neque
249 1377 289 1415 in
318 1377 382 1414 uia
414 1388 543 1427 neque
573 1377 613 1414 in
644 1377 730 1414 foro
762 1389 834 1416 nec
866 1376 987 1416 ullum
1020 1389 1243 1416 sermonem
1267 1378 1443 1427 exsequi.
1503 1375 1585 1418 282
1615 1386 1634 1415 5

124 1499 202 1534 266.
226 1501 313 1533 tuas
345 1507 409 1532 res
442 1500 466 1532 t.
501 1497 554 1536 Ιι..
593 1497 822 1533 scherzhaste

13 1560 18 1565 ·
79 1541 322 1583 Anwendung
354 1541 419 1577 der
451 1541 566 1577 durch
592 1541 650 1576 die
676 1541 733 1576 ΧΠ
758 1542 822 1577 Ta-

79 1585 156 1622 seln
192 1585 545 1629 vorgescliriebenen
582 1585 726 1621 Formel
764 1586 821 1622 bei

80 1631 181 1666 einer
205 1630 483 1673 Ehescheidung
507 1631 724 1670 (divortium
740 1631 821 1667 Aul.

77 1675 106 1710 ΙΙ
132 1678 169 1715 2,
194 1676 264 1716 56).
295 1675 424 1718 Amph.
454 1675 496 1709 ΙΙΙ
521 1677 558 1714 2,
583 1677 625 1707 47
671 1675 820 1718 Valeas,

77 1720 144 1755 tibi
166 1719 308 1755 habeas
334 1730 397 1755 res
421 1724 520 1761 tuas,
546 1720 686 1755 reddas
704 1730 818 1756 meas.

123 1766 201 1800 268.
226 1764 274 1799 Da
299 1764 357 1799 die
382 1763 557 1799 Komodie
583 1764 729 1799 sowohl
754 1767 820 1799 mi-

76 1818 208 1845 serum
239 1808 355 1851 (nicht
385 1809 537 1851 misere)
569 1809 730 1851 aliquem
753 1810 820 1845 Iza-

75 1854 164 1889 bere
188 1852 242 1888 als
268 1852 357 1888 auch
384 1853 479 1889 male
504 1854 664 1896 aliquem
680 1853 819 1890 habere

75 1897 247 1936 hraucht.
283 1909 325 1933 so
351 1898 399 1933 ist
423 1909 468 1933 an
493 1897 558 1933 der
583 1897 820 1940 Verbindung

76 1942 202 1978 beider
218 1941 457 1978 Redeweisen
482 1942 596 1978 durch
621 1953 691 1985 que
715 1943 818 1978 wohl

75 1987 160 2023 kein
200 1986 363 2023 Austand
403 1998 448 2022 zu
487 1987 660 2028 nehmen,
701 1988 818 2023 zumal

75 2032 170 2067 auch
200 2036 305 2067 sonst
338 2031 395 2066 die
426 2031 633 2075 copulative
665 2031 816 2067 Verbin-

74 2076 176 2118 ‹lung
214 2086 287 2111 von
325 2076 644 2111 sinnverwandten
681 2076 816 2112 Adver-

74 2120 158 2156 bien
205 2120 279 2155 und
320 2119 532 2163 Adjecuven
572 2121 608 2155 in
648 2121 816 2156 sicheren

73 2164 213 2201 Stellen
238 2163 455 2200 vorkommt.
492 2164 623 2200 Pseud.
651 2164 663 2199 Ι
690 2168 725 2206 1,
752 2169 815 2199 108

73 2220 145 2253 quo
171 2213 284 2252 pacto
315 2213 351 2244 et
380 2213 543 2252 quantas
568 2209 710 2245 soleam
735 2215 815 2245 tur-

72 2254 191 2290 bellas
215 2254 322 2295 dare,
339 2253 368 2288 Il
387 2257 416 2294 1,
437 2256 476 2286 17
495 2253 589 2298 (591)
616 2265 712 2296 quae
730 2260 815 2298 post

73 2298 165 2334 mihi
209 2297 318 2333 clara
357 2301 391 2333 el
431 2299 496 2333 diu
535 2299 702 2339 clueant,
752 2311 812 2335 wo

72 2341 210 2378 Ritschl
247 2343 321 2378 und
352 2342 563 2378 Fleckeisen
599 2343 743 2379 l'reilich
778 2349 814 2379 et

75 2387 283 2430 gestrichen
315 2386 443 2423 haben.
483 2388 609 2423 Bacch.
640 2388 682 2423 111
707 2392 744 2429 3,
770 2391 813 2422 70

72 2437 115 2467 tu
138 2431 384 2467 Pistoclerum
411 2431 514 2474 falso
547 2437 655 2475 atque
684 2434 813 2469 inson-

73 2480 146 2511 tem
176 2477 319 2518 arquis.
350 2475 440 2512 Men.
465 2476 492 2510 V
525 2480 583 2517 19,
617 2480 658 2510 14
688 2479 814 2521 siquid

73 2520 185 2556 stulte
220 2520 305 2554 dixi
339 2524 447 2563 alque
486 2522 700 2564 inprudens
737 2523 810 2558 tibi.

74 2564 123 2608 (S.
149 2563 232 2598 krit.
258 2564 362 2605 Anh.)

118 2611 195 2643 269.
241 2607 364 2643 Dieser
408 2608 624 2646 Relativsatz
672 2611 812 2647 enthfilt

72 2653 154 2689 eine
181 2651 451 2695 nachtriigliche
474 2655 723 2698 Bestimmung
748 2656 810 2691 des

73 2697 241 2741 Subjects
278 2706 323 2730 zu
353 2701 459 2739 sunt,
497 2700 595 2734 steht
631 2700 707 2735 also
745 2701 812 2734 mit

71 2752 164 2786 Quos
190 2769 198 2778 .
223 2768 232 2778 .
256 2740 397 2776 habeas
427 2742 528 2778 nicht
557 2744 620 2778 auf
648 2744 812 2787 gleicher

892 1497 1008 1537 Linie,
1040 1498 1112 1533 wie
1144 1498 1259 1534 sehon
1284 1498 1348 1534 der
1372 1499 1636 1536 verschiedene

892 1542 1018 1578 Modus
1044 1543 1203 1579 veri-iuli.

937 1590 1013 1622 270.
1038 1592 1144 1622 certa
1170 1598 1234 1624 res
1258 1593 1315 1624 est
1339 1588 1424 1631 (Mil.
1443 1589 1470 1624 ΙΙ
1488 1592 1519 1630 2,
1540 1589 1630 1632 112),

892 1631 984 1666 noch
1034 1631 1200 1667 iiblicher
1238 1637 1383 1668 certum
1423 1638 1480 1669 est
1520 1632 1634 1677 (584):

893 1676 966 1711 ‘Ich
992 1674 1054 1710 bin
1079 1675 1151 1711 sest
1176 1677 1457 1718 entschlossen’,
1490 1678 1636 1714 zihnlich

892 1719 1065 1755 Schiller:
1102 1720 1359 1758 ‘Beschlossne
1384 1722 1498 1758 Sache
1529 1723 1636 1760 ist's’.

891 1764 969 1807 Vgl.
995 1764 1063 1800 Cic.
1089 1775 1157 1809 pro
1183 1765 1289 1801 Rosc.
1314 1768 1390 1802 Am.
1415 1767 1439 1809 S
1466 1770 1518 1803 31.
1543 1769 1600 1801 83.

936 1812 1013 1844 272.
1039 1808 1073 1844 S.
1098 1809 1182 1845 krit.
1209 1810 1299 1846 Anh.

934 1856 1011 1889 273.
1032 1855 1199 1897 pretium
1224 1854 1368 1891 ‘Lohn’.

933 1899 1010 1934 275.
1032 1900 1158 1941 potius
1194 1900 1242 1935 ist
1278 1898 1362 1935 kein
1394 1899 1632 1937 pleonasmus

887 1942 1004 1978 nehen
1030 1945 1160 1986 maqis,
1186 1943 1345 1979 sondern
1368 1945 1441 1980 wie
1459 1945 1535 1981 dies
1554 1945 1632 1981 sich

887 1997 958 2030 eng
983 1998 1027 2022 an
1052 1988 1152 2024 lubet
1176 1988 1412 2029 anschliesst,
1439 2001 1480 2025 so
1502 1992 1630 2033 polius

886 2043 930 2067 an
951 2032 1095 2074 probis.
1132 2032 1180 2068 So
1207 2033 1305 2069 Asin.
1331 2033 1422 2073 1113,
1441 2037 1484 2067 99
1510 2036 1630 2077 maqis

885 2078 1101 2113 decorumst
1143 2077 1315 2113 libertum
1355 2080 1480 2121 potius
1520 2091 1631 2122 quam

883 2125 1087 2164 patronum
1112 2132 1208 2157 onus
1232 2124 1273 2157 in
1298 2124 1359 2158 via
1378 2127 1551 2166 portare.

929 2168 1006 2201 276.
1030 2167 1085 2201 An
1119 2166 1181 2202 das
1206 2167 1486 2210 monologische
1512 2167 1631 2204 Canti-

885 2221 966 2246 cum
1014 2210 1184 2246 schliesst
1233 2211 1310 2246 sich
1360 2212 1418 2247 ein
1457 2211 1628 2248 kilrzeres

885 2255 1139 2297 dialogisches.
1187 2255 1257 2291 Der
1287 2255 1359 2292 Bau
1391 2256 1510 2292 dieses
1542 2257 1629 2293 Ver-

884 2311 941 2335 ses
983 2300 1031 2335 ist
1070 2299 1156 2335 sehr
1198 2301 1281 2336 hart
1319 2300 1394 2336 und
1436 2301 1625 2337 entweder

882 2344 1035 2380 Metrum
1062 2344 1150 2380 oder
1173 2344 1319 2388 Lesung
1343 2345 1438 2381 noch
1464 2346 1565 2381 nicht
1589 2347 1627 2381 in

883 2388 1069 2433 Ordnung.
1104 2407 1149 2412 —
1184 2400 1225 2425 se
1257 2394 1482 2432 penetrare,
1520 2402 1549 2425 s.
1582 2401 1628 2426 zu

883 2436 957 2469 146.
983 2433 1032 2475 (S.
1057 2433 1140 2469 krit.
1166 2434 1271 2476 Anh.)

926 2481 1004 2514 279.
1023 2490 1102 2521 par
1128 2478 1438 2522 ‘entsprechendu

926 2525 1003 2558 282.
1036 2533 1106 2558 nee
1142 2522 1258 2558 ullum
1283 2538 1327 2551 =
1352 2523 1516 2564 nullum,
1554 2524 1626 2559 wie

880 2566 1024 2604 Lucret.
1057 2567 1083 2601 V
1113 2570 1178 2601 839
1214 2578 1284 2603 nec
1319 2572 1446 2603 utrum
1477 2567 1551 2603 und
1582 2567 1626 2603 lv

883 2614 968 2645 1217
1016 2621 1134 2654 neque
1181 2616 1308 2647 utrum
1346 2626 1392 2641 =
1431 2615 1623 2652 neutrum;

880 2655 970 2691 iiber
995 2655 1113 2691 dieses
1139 2666 1219 2697 nec,
1246 2656 1405 2692 welches
1431 2656 1533 2692 nicht
1554 2667 1624 2692 nur

880 2700 918 2734 in
942 2700 1006 2736 der
1031 2699 1170 2735 §lteren
1187 2700 1359 2736 Latinitiit
1383 2701 1479 2736 noch
1505 2701 1541 2735 in
1560 2701 1625 2736 der

880 2743 1080 2780 Redensart
1112 2755 1181 2781 nec
1206 2748 1306 2781 recte
1330 2745 1457 2782 dicere
1482 2745 1624 2788 (Bacch.
