1835 2984
169 65 223 107 74
814 67 1072 100 PLAVTI
1444 74 1733 108 2495—115·

165 168 238 208 Vbi
267 170 442 208 mertuos
475 169 546 212 sis,
581 169 631 207 ita
664 169 716 207 sis
748 174 790 206 ut
820 168 963 208 nomen
995 168 1111 208 cluet.
1294 204 1297 211 ,
1666 176 1708 208 95

167 224 246 265 ΡΗ.
288 224 419 269 Nunc,
452 224 496 263 dt
527 225 626 263 scias
657 223 720 263 hic
751 225 942 264 factiones
973 224 1088 277 atque
1119 237 1212 277 opes

165 281 251 321 Nou
283 280 369 319 esse
400 292 528 332 neque
560 292 631 320 nos
660 282 767 320 tuam
798 280 1010 332 neglegere
1040 281 1225 332 gratiam,

166 337 261 376 Sine
292 335 382 375 dete
413 348 533 388 posco
564 337 671 375 tuam
702 348 878 376 sororem
909 336 1006 377 filio.

168 391 276 437 Quae
306 392 370 431 res
401 391 502 431 bene
533 399 675 432 uortat.
735 392 889 433 habeon
919 394 1097 446 pactam?
1138 393 1231 445 quid
1262 393 1390 432 taces?
1629 391 1713 433 500

168 449 240 488 ST.
279 448 355 487 Pro
386 448 425 487 di
456 447 701 496 inmortales,
733 450 1004 490 condicionem
1037 451 1176 501 quoius
1206 449 1324 489 modi.
1647 456 1711 487 100

165 504 245 544 PH.
285 503 386 550 Quin
416 504 594 544 fabulare
626 505 680 545 ‘di
711 504 810 545 bene
841 510 1016 545 uortant:
1049 506 1265 556 spondeo'?

166 560 239 600 ST.
279 560 410 606 Eheu,
443 559 509 600 ubi
539 573 632 600 usus
661 561 716 601 nil
748 567 831 601 erat
861 561 981 607 dicto,
1015 561 1220 614 ‘spondeo’

165 615 349 657 Dicebat:
388 629 492 656 nunc
523 616 605 662 hic,
638 629 754 668 quom
787 619 885 670 epus
917 624 992 664 est,
1025 630 1103 657 non
1134 619 1218 670 quit
1247 618 1393 658 dicere.

165 672 241 712 LE.
283 671 408 719 Quom
439 672 644 712 adfinitate
676 675 809 713 uestra
840 686 902 713 me
933 673 1178 714 arbitramini
1627 671 1712 714 505

168 729 358 780 Dignum,
390 728 516 768 habeo
548 729 673 773 uobis,
706 729 853 774 Philto,
886 742 1066 782 magnam
1097 731 1274 782 gratiam.
1650 735 1713 768 105

169 785 246 825 Sed
279 786 311 824 si
341 784 438 825 haec
468 798 532 825 res
563 787 739 836 grauiter
770 786 913 825 cecidit
942 786 1105 826 stultitia
1136 798 1239 831 mea,

171 840 320 886 Philto,
354 841 412 880 est
442 853 534 892 ager
565 841 638 881 sub
669 841 769 881 urbe
799 841 934 882 nobis:
969 843 1057 882 eum
1089 842 1188 882 dabo

169 897 308 937 Dotem
340 899 486 936 sorori:
521 897 611 938 nam
642 899 674 937 is
705 898 752 937 de
784 898 930 938 diuitiis
961 899 1058 938 meis

170 953 286 992 Solus
316 954 479 1005 superfit
509 955 666 1005 praeter
696 955 815 994 uitam
847 953 1028 995 relicuos.
1630 952 1713 994 510

165 1009 244 1048 PH.
284 1010 467 1049 Profecto
500 1011 631 1050 dotem
663 1010 718 1050 nil
750 1022 895 1050 moror.
956 1012 1030 1051 LE.
1073 1010 1266 1050 Certumst
1297 1010 1403 1050 dare.
1652 1016 1716 1048 110

167 1066 240 1105 ST.
272 1065 525 1111 Nostramne,
559 1079 647 1113 ere,
679 1068 740 1106 uis
770 1069 988 1113 nutricem,
1021 1079 1119 1120 quae
1151 1079 1220 1106 nos
1253 1066 1409 1112 educat,

167 1121 403 1162 Abalienare
433 1135 454 1162 a
485 1121 626 1162 nobis?
672 1135 768 1163 caue
799 1125 851 1163 sis
882 1123 1044 1164 seceris:

169 1178 271 1225 Quid
302 1178 465 1218 edemus
496 1185 650 1218 nosmet
680 1180 838 1230 postea?
889 1180 961 1220 LE.
1002 1180 1128 1220 Etiam
1158 1180 1201 1219 tu
1233 1180 1358 1219 taces?

166 1233 255 1273 Tibi
286 1236 385 1285 egen
417 1236 609 1275 rationem
640 1235 826 1275 reddam?
878 1236 945 1277 ST.
976 1236 1093 1276 Plane
1124 1236 1330 1288 periimus,
1634 1232 1718 1275 515

165 1291 248 1330 Nisi
280 1289 372 1343 quid
404 1303 475 1342 ego
508 1293 784 1332 conminiscor.
845 1292 994 1338 Philto,
1029 1294 1066 1332 te
1098 1292 1202 1332 uolo.
1654 1296 1716 1329 115

166 1457 281 1493 nicht’
318 1463 409 1494 stets
441 1458 506 1494 auf
534 1459 638 1495 einen
671 1458 907 1496 affirmativen

167 1502 359 1538 Gedanken
384 1503 530 1539 hinaus:
571 1504 650 1545 „ich
676 1510 788 1541 wette
814 1505 907 1545 dass,

168 1547 226 1582 ich
267 1548 371 1584 stehe
407 1548 537 1584 dastir“
579 1549 651 1585 und
693 1549 821 1586 daraus
862 1550 919 1585 ist·

168 1593 347 1628 nimirum
370 1593 435 1628 mit
460 1593 524 1629 der
549 1593 625 1629 Zeit
650 1605 693 1630 zu
712 1595 828 1631 einem
845 1595 910 1630 mit

168 1637 273 1673 mehr
299 1637 388 1674 oder
412 1638 576 1681 weniger
592 1638 803 1676 Nachdruck
828 1651 910 1676 vor-

171 1687 392 1726 getragenen
411 1694 432 1718 n
442 1686 460 1718 a
468 1694 502 1719 m
512 1682 523 1718 l
532 1683 542 1717 i
551 1694 570 1719 c
579 1683 601 1719 h
619 1683 910 1728 ahgesehwacht.

214 1741 292 1772 496.
318 1739 426 1780 cluet,
453 1751 481 1775 s.
507 1750 551 1775 zu
576 1742 653 1775 309.

214 1785 292 1818 497.
316 1784 377 1820 hic
406 1803 450 1808 -
475 1795 550 1820 non
575 1795 669 1825 esse,
697 1785 791 1821 ‘hier
814 1785 862 1828 (d.
887 1786 909 1821 i.

171 1827 230 1863 bei
247 1839 333 1869 uns,
359 1840 386 1865 s.
405 1840 449 1865 zu
468 1828 546 1872 172)
565 1830 666 1866 nicht
679 1830 715 1865 in
729 1830 912 1874 Anschlag

169 1872 350 1914 kommen,
376 1874 477 1910 nicht
501 1874 558 1910 die
570 1873 668 1910 Rede
694 1874 810 1911 davon
835 1876 910 1913 ist’.

167 1917 335 1962 Dagegen
360 1921 425 1953 504
448 1918 509 1955 hic
525 1934 568 1947 =
591 1919 628 1955 in
645 1919 781 1956 diesem
801 1919 911 1956 Falle.

210 1976 288 2010 499.
312 1985 438 2018 posco,
464 1986 492 2011 S.
517 1986 562 2011 zu
587 1978 665 2012 384.

211 2021 288 2054 500.
316 2023 485 2063 pactam,
523 2026 632 2057 entw.
671 2031 749 2057 rem
783 2025 907 2065 ‘zuge-

166 2068 261 2108 sagt'
290 2064 360 2101 wie
377 2064 488 2100 Poen.
515 2064 540 2097 V
559 2069 590 2106 3,
616 2067 659 2100 38
686 2065 774 2102 oder
794 2065 907 2102 lieber

165 2119 337 2146 sororem
367 2109 541 2145 ‘verlobv
573 2111 644 2146 wie
676 2111 771 2147 Trin.
808 2113 906 2145 1183.

166 2153 397 2198 Bewerbung
438 2154 511 2190 und
551 2155 690 2192 Jawort
730 2155 907 2200 bewegen

166 2199 244 2235 sich
281 2199 352 2234 wie
388 2199 467 2235 hier
503 2205 593 2236 stets
633 2201 669 2236 in
711 2200 780 2237 den
820 2200 907 2237 fest-

166 2242 366 2280 stehenden
402 2243 555 2280 Formen
592 2244 654 2280 des
691 2245 908 2282 Verbalcon-

165 2294 318 2328 tractes,
350 2288 414 2325 der
445 2289 649 2332 stipulatio.
695 2289 805 2326 Poen.
837 2290 858 2325 l.
885 2290 907 2326 l.

164 2335 231 2377 Ag.
260 2333 379 2369 Tuam
404 2334 495 2369 mihi
518 2336 697 2371 maiorem
710 2335 828 2379 filiam
845 2335 907 2370 de-

166 2379 368 2423 spondeas.
403 2378 465 2415 Ha.
488 2378 646 2414 Pactam
670 2390 749 2416 rem
765 2380 907 2415 habeto.

165 2425 231 2467 Ag.
265 2422 485 2467 Spondesne
516 2425 653 2466 iqz'tur?
695 2423 756 2461 Ha.
789 2424 906 2467 Spon-

166 2469 246 2548 dleo.
297 2467 373 2548 {gh}
398 2467 478 2505 Aul.
504 2467 532 2504 ΙΙ
556 2471 587 2511 2,
612 2471 666 2505 64.
685 2471 725 2503 78
743 2469 778 2505 ff.
799 2469 901 2506 Cure.

211 2572 288 2605 501.
312 2569 389 2606 Pro
414 2570 455 2605 di
469 2570 698 2610 inmortales,
723 2582 751 2606 s.
772 2581 815 2605 zu
832 2573 909 2607 591.

214 2629 289 2661 503.
309 2625 426 2663 Ueber
440 2625 498 2662 die
510 2626 911 2670 Positionsverletzung

166 2671 202 2706 in
227 2670 306 2706 erbt
330 2682 357 2706 5.
377 2670 468 2707 Einl.
495 2671 530 2708 S.
549 2675 589 2705 13
606 2683 641 2707 u.
664 2673 716 2713 16,
744 2671 837 2707 eheu
863 2672 910 2707 ist

167 2716 239 2751 wie
263 2716 299 2751 in
325 2717 389 2752 der
413 2715 525 2760 Regel
543 2716 826 2761 InterJ‘ectionen
845 2716 908 2752 der

167 2760 304 2797 Elision
343 2761 444 2796 nicht
484 2760 754 2803 unterworfen,
813 2760 906 2797 doch

977 1459 1078 1495 siche
1102 1459 1193 1495 auch
1213 1470 1256 1495 zu
1282 1461 1355 1493 158.
1379 1478 1422 1483 -
1446 1459 1610 1503 spondeo
1628 1458 1718 1503 dop-

979 1503 1162 1584 Pelsinnig
1231 1503 1377 1540 sowohl
1446 1502 1716 1547 Bfirgschai't

1002 1553 1147 1585 eisten
1172 1550 1250 1592 (427
1276 1548 1330 1592 ff.)
1356 1548 1408 1584 als
1435 1547 1662 1585 verloben.

1024 1619 1100 1652 504.
1124 1616 1196 1657 hic,
1215 1615 1381 1657 ‘hierbei,
1398 1616 1435 1652 in
1453 1615 1588 1652 diesem
1604 1615 1716 1652 Falle’

980 1661 1052 1696 wie
1076 1660 1155 1697 Ter.
1180 1661 1288 1697 Andr.
1314 1661 1357 1696 IV
1383 1663 1411 1701 1,
1440 1663 1480 1694 13
1504 1661 1559 1696 nil
1576 1661 1720 1704 pudent

980 1707 1073 1747 hic,
1092 1707 1155 1742 ubi
1167 1717 1260 1750 opus
1274 1711 1350 1742 est:
1367 1706 1432 1747 illi,
1448 1706 1511 1741 ubi
1527 1705 1581 1741 nil
1597 1710 1719 1749 opust,

980 1752 1032 1788 ibi
1066 1756 1256 1788 verentur.
1303 1750 1517 1796 Epid.112,
1560 1753 1623 1785 117
1662 1755 1721 1787 est

981 1797 1129 1833 lucrum
1159 1796 1221 1832 hic
1245 1796 1311 1832 tibi
1334 1796 1507 1840 amplum.
1555 1795 1662 1832 Merc.
1688 1794 1716 1830 11

979 1845 1013 1883 2,
1037 1844 1079 1876 36
1105 1841 1278 1885 ludificas
1303 1852 1404 1877 nunc
1421 1845 1461 1876 tu
1477 1850 1533 1876 me
1549 1840 1628 1880 hic,
1644 1840 1718 1882 vgl.

980 1887 1075 1922 noch
1101 1886 1179 1922 Ter.
1204 1886 1314 1922 Andr.
1339 1886 1383 1921 1v
1407 1889 1438 1926 3,
1463 1888 1494 1919 5.
1525 1885 1650 1922 Heaut.
1675 1884 1719 1920 1v

980 1935 1011 1972 3,
1037 1934 1093 1968 31.
1117 1930 1167 1974 (S.
1194 1931 1276 1966 krit.
1301 1931 1408 1973 Anh.)

1024 1990 1100 2022 507.
1124 1987 1230 2028 haec,
1271 1998 1299 2022 s.
1338 1998 1383 2022 zu
1424 1989 1506 2027 172:
1546 1985 1618 2030 vgl.
1649 1985 1719 2022 Cic.

976 2031 1071 2069 Fam.
1095 2031 1169 2067 XIV
1193 2035 1225 2073 3,
1250 2034 1270 2066 2
1294 2033 1359 2068 sed
1384 2037 1504 2068 tamen
1526 2042 1636 2075 quam
1654 2031 1716 2067 diu

976 2087 1040 2112 vos
1066 2077 1166 2113 eritis
1191 2077 1228 2112 in
1254 2087 1331 2121 spe,
1362 2087 1436 2112 non
1460 2074 1642 2116 deficiam,
1674 2086 1720 2112 ne

979 2122 1096 2158 omnia
1109 2132 1188 2158 mea
1201 2121 1308 2166 culpa
1321 2121 1502 2158 cecidisse
1516 2120 1718 2157 videantur.

1022 2192 1097 2225 514.
1114 2191 1225 2226 etiam
1238 2194 1363 2225 taces?
1378 2188 1498 2224 ‘wirst
1508 2187 1555 2224 du
1570 2187 1719 2232 gleieh

977 2234 1215 2278 schweigen’,
1248 2232 1438 2270 Ausdruck
1470 2233 1532 2269 des
1556 2231 1714 2273 Befehls,

977 2290 1005 2314 s.
1042 2281 1118 2314 790.
1159 2279 1260 2315 Cure.
1297 2278 1375 2319 11,
1411 2280 1466 2314 41.
1514 2277 1561 2314 So
1599 2279 1711 2313 etiam

976 2323 1250 2367 dispertimini?
1283 2322 1423 2359 Curc.I
1454 2325 1490 2362 3,
1516 2324 1574 2363 33,
1607 2323 1718 2358 etiam

977 2369 1133 2411 viyilas?
1158 2369 1262 2405 Most.
1287 2367 1315 2403 ΙΙ
1340 2370 1369 2408 1,
1396 2369 1450 2403 36.

1021 2427 1096 2460 515.
1122 2424 1183 2460 Die
1207 2424 1335 2460 Worte
1359 2423 1425 2458 tibi
1446 2433 1512 2467 eqo
1535 2402 1719 2460 rationem

977 2469 1158 2506 reddam?
1184 2468 1312 2504 stehen
1337 2468 1428 2504 auch
1452 2467 1534 2504 Aul.
1558 2467 1572 2503 I
1598 2471 1627 2509 1,
1655 2470 1687 2504 6.

1024 2538 1100 2576 516,
1127 2540 1161 2572 te
1187 2535 1266 2571 volo
1292 2545 1341 2570 sc.
1367 2534 1529 2580 colloqui
1553 2536 1625 2572 wie
1643 2538 1719 2571 717.

979 2583 1055 2617 963.
1081 2583 1178 2616 1059.
1205 2580 1307 2616 Curc.
1322 2579 1428 2615 11121.
1448 2580 1475 2614 V
1489 2583 1520 2621 3,
1538 2583 1570 2615 8.
1584 2579 1715 2616 Pseud.
1733 2609 1737 2612 .

979 2626 991 2661 I
1017 2629 1046 2665 3,
1072 2628 1125 2667 21,
1157 2636 1216 2662 wo
1257 2625 1343 2661 kurz
1376 2625 1510 2661 vorher
1541 2626 1612 2667 (16)
1645 2625 1718 2661 col·

978 2671 1077 2714 loqui
1120 2676 1306 2714 zugesetzt
1342 2670 1400 2706 ist.
1456 2668 1572 2705 Ueber
1614 2670 1719 2706 einen

978 2715 1114 2752 andern
1145 2714 1333 2752 Gebrauch
1366 2725 1436 2751 von
1467 2714 1576 2755 velle,
1613 2725 1643 2750 s.
1674 2726 1719 2751 zu
