1835 2984
0 137 3 141 ·
58 126 80 157 2
110 126 130 157 2
159 126 304 159 36—48

627 120 1040 154 TRINVMMVS.
1304 149 1315 157 .
1554 119 1609 161 59

59 221 173 260 Sat-ta
204 227 307 260 tecta
338 221 404 260 tua
436 227 644 272 praecepta
676 233 797 271 usque
827 221 947 260 habui
976 233 1063 260 mea
1094 221 1297 260 modestia.

4 294 7 296 ·
58 276 137 315 PH.
177 276 274 322 Quid
307 277 522 328 exprobras
552 276 653 315 bene
684 276 789 327 quod
818 277 972 315 fecisti?
1009 277 1081 316 tibi
1112 278 1259 322 fecisti,
1291 277 1368 315 non
1401 276 1516 315 mihi:

58 332 154 371 Mihi
183 332 342 384 quidem
372 339 479 371 aetas
509 332 631 371 actast
662 331 805 376 ferme,
837 332 905 370 tua
934 334 1035 371 istuc
1064 333 1187 371 refert
1216 332 1409 371 maxume.

59 387 272 441 Beuefacta
304 388 521 427 benefactis
551 386 638 425 aliis
667 385 880 437 permagno,
913 399 962 426 ne
994 387 1220 438 pei-pluant:

1526 384 1610 426 320

56 442 96 482 Is
125 443 275 495 probus
305 450 382 488 est,
415 455 530 494 quem
561 442 733 493 paenitet
763 453 877 492 quam
910 442 1058 492 probus
1088 445 1138 482 sit
1168 448 1207 481 et
1237 443 1339 493 frugi
1371 442 1518 481 bonae:

58 498 134 545 Qui
163 500 272 550 ipsus
302 499 376 537 sibi
407 500 499 537 sau's
530 497 678 547 placet,
712 509 785 536 uec
814 497 963 549 probus
993 505 1052 537 est
1081 510 1154 537 nec
1185 498 1285 548 frugi
1318 498 1463 537 bonae:
1565 504 1609 535 40

55 554 133 600 Qui
160 556 267 605 ipsus
298 566 339 593 se
370 554 601 598 contemnit,
633 554 673 591 in
705 558 789 592 eost
818 552 969 592 indoles
999 553 1230 593 industriae.

57 609 132 649 LY.
180 600 244 648 oh
285 622 368 649 eam
401 622 486 648 rem
516 609 634 653 haec,
673 615 805 660 patei,

586 665 700 714 quam
730 664 821 704 uolo

846 609 1070 653 autumaui,
1109 611 1199 661 qula
1230 621 1294 648 res
1325 609 1553 660 quaedamst

54 719 144 769 Ego
165 732 229 776 me
249 732 317 771 aps
338 726 375 759 te
398 732 493 759 exox
496 733 575 760 are
607 720 685 759 ΡΗ.
704 718 804 764 Quid
825 720 864 759 id
881 721 961 759 est?
985 720 1140 760 ueniam
1159 720 1278 759 dar’e
1269 732 1346 759 lam
1362 721 1499 770 gestio.
1522 717 1605 759 325

55 776 132 816 LY.
167 765 421 815 A'dulescenti
452 777 543 815 hinc
574 775 719 826 geneie
749 788 921 821 summo,
954 778 1079 815 amico
1101 783 1217 828 atque
1240 776 1391 827 aequali
1413 787 1519 819 meo,
1564 782 1608 812 45

55 833 184 872 Minus
215 833 280 884 qui
311 838 425 871 caute
456 839 494 870 et
524 832 691 882 cogitate
722 844 832 871 suam
864 844 948 870 rem
978 834 1180 876 t1actauit‚
1213 838 1335 883 pater,

56 887 165 926 Bene
198 888 288 927 uolo
318 886 374 926 illi
405 888 550 932 facere,
582 890 617 927 si
646 894 689 927 tu
720 888 797 926 non
829 890 956 927 neuis.

1002 888 1079 927 PH.
1120 888 1269 938 Nempe
1300 887 1349 926 de
1379 888 1470 926 tuo?

54 943 131 983 LY.
164 944 218 984 De
240 955 347 982 meo:
379 955 471 983 nam
492 943 599 995 quod
620 950 767 983 tuomst
788 944 968 988 meumst,
1002 956 1117 982 omne
1138 955 1269 982 meum
1292 943 1422 982 autem
1444 948 1605 982 tuomst.

101 1101 178 1134 317.
207 1102 315 1134 sarta
351 1101 464 1137 tecta,
502 1097 648 1140 eigentl.
685 1101 794 1133 sarta

55 1148 97 1179 et
114 1147 236 1179 tecta
260 1142 505 1186 aedificia,
521 1141 794 1178 Geschaftsaus·

56 1187 170 1223 druck
194 1187 258 1223 der
276 1187 470 1226 Censoren,
496 1197 604 1222 wenn
629 1187 682 1222 sie
706 1186 794 1222 hau-

55 1231 159 1274 sallig
162 1242 180 1267 e
217 1230 424 1267 offentliche
457 1230 625 1266 Gehaude
661 1229 794 1273 (opera

53 1275 219 1320 publica)
261 1287 325 1312 zur
360 1275 560 1320 Reparatur
595 1275 632 1310 in
668 1275 794 1310 Eutre-

54 1322 155 1364 prise
190 1321 306 1364 gaben
344 1320 518 1360 (locare),
558 1319 700 1355 welche
737 1320 794 1354 dle

54 1365 389 1416 Bauunternehmer
424 1364 703 1407 (conductores)
739 1374 796 1398 1e-

54 1410 172 1454 parirt
207 1409 281 1445 und
316 1409 352 1444 in
389 1415 511 1452 gutem
545 1408 794 1444 Bauzustande

54 1453 248 1490 befindlich
286 1453 410 1497 (sarta
445 1454 556 1495 tecta)
594 1453 794 1488 herzustel-

55 1499 116 1535 len
140 1500 281 1538 hatten:
315 1498 378 1534 aus
397 1501 605 1541 praecepta
629 1497 795 1533 ubertra-

56 1553 126 1587 gen
165 1543 240 1579 und
278 1543 345 1578 mit
383 1543 524 1579 habere
564 1541 792 1578 verbunden:

56 1588 109 1623 <in
133 1588 252 1623 Ehren
281 1587 423 1626 halten,
457 1588 528 1622 wie
553 1587 610 1622 ein
635 1586 794 1629 Evange-

55 1632 145 1668 Iium
161 1631 311 1668 halten'
337 1631 457 1675 Vergl.
466 1631 557 1666 uber
571 1631 640 1666 den
654 1631 795 1674 sprich-

52 1677 271 1712 wortlichen
310 1656 506 1712 Charaktex
545 1675 662 1711 dieses
704 1676 796 1710 Aus-

54 1721 186 1757 drucks
212 1720 282 1757 Cic.
307 1720 401 1757 Fam.
418 1720 491 1755 XIII
509 1723 567 1754 50:
596 1720 680 1755 ‘hoc
704 1719 796 1754 mihi

52 1766 104 1802 da
140 1770 250 1808 atque
285 1765 444 1809 larqire,
481 1770 521 1801 ut
550 1763 607 1799 M’
641 1764 796 1800 Curium

54 1815 232 1846 sartum
262 1815 305 1846 et
338 1814 521 1849 tectum,
558 1813 607 1844 ut
643 1811 793 1850 aiunt,

53 1855 99 1891 ab
116 1856 287 1897 omnique
305 1855 546 1894 incommodo,
561 1855 794 1894 detrimento,

53 1899 222 1935 molestia
236 1900 428 1935 sincerum
436 1901 696 1942 inteqrumque
705 1909 792 1934 con-

52 1954 193 1981 serves.

98 2002 174 2036 318.
201 1998 300 2042 Quid
333 1999 564 2042 exprobras,
604 1998 695 2034 fiber
736 1998 793 2034 (he

54 2043 229 2080 Prosodie
254 2056 282 2079 s.
308 2044 398 2079 Einl.
424 2043 459 2079 S.
486 2046 538 2078 14.

98 2102 174 2133 320.
201 2101 387 2143 pcrteyito
418 2110 454 2134 u.
485 2099 689 2142 perpluant
729 2099 794 2134 mit

55 2144 303 2186 Bezugnahme
333 2143 397 2179 auf
425 2144 487 2179 das
518 2143 596 2178 Bild
626 2154 708 2179 vom
738 2154 795 2179 re-

56 2188 219 2233 parirten
244 2187 373 2224 Hause.

97 2246 174 2279 321.
198 2245 233 2279 is
260 2248 364 2279 'nur
389 2243 500 2279 der’.
518 2262 562 2267 —-
580 2254 687 2287 quem
702 2254 793 2287 pae-

53 2289 146 2324 nitet
181 2288 277 2323 ‘dem
312 2299 350 2324 es
387 2288 487 2324 nieht
516 2291 690 2332 genu'gt’:
728 2289 793 2329 ol't,

53 2332 126 2368 wie
156 2333 252 2373 hier,
284 2334 349 2368 mit
378 2333 495 2368 einem
526 2333 631 2369 indir.
660 2333 794 2376 Frage-

53 2382 129 2412 satz
159 2383 248 2413 statt
277 2377 340 2412 des
367 2377 554 2417 Genetivs‚
580 2377 683 2413 Truc.
710 2377 737 2412 Π
761 2380 793 2418 6,

53 2423 96 2453 52
139 2423 354 2463 paenitetne
399 2427 451 2461 te,
499 2427 585 2465 quot
632 2423 794 2458 anczllas

54 2464 179 2500 alam?
204 2465 237 2500 (1.
256 2466 278 2501 i.
303 2466 352 2501 ist
376 2466 461 2502 dirs
486 2467 581 2502 noch
607 2467 706 2502 nicht
730 2477 792 2510 ge-

54 2519 145 2552 nug,
183 2509 264 2545 dass
294 2510 352 2545 ich
383 2522 423 2547 so
457 2511 527 2546 viel
556 2510 792 2547 DIenstboten

55 2552 181 2588 halten
215 2554 337 2589 muss?
377 2554 424 2590 So
460 2554 591 2591 Pseud.
623 2555 637 2589 I
669 2558 705 2596 3,
737 2559 792 2590 71

53 2597 181 2633 Bacch.
206 2597 234 2631 V
259 2601 290 2639 2,
314 2601 368 2634 63.
393 2599 465 2636 Mil.
490 2599 533 2635 111
560 2604 594 2641 1,
622 2603 697 2637 145.
723 2600 792 2637 Cic.

55 2641 101 2676 de
126 2642 186 2677 off.
213 2641 226 2676 1
252 2645 281 2682 1,
307 2645 345 2682 2;
370 2643 414 2678 ad
438 2645 512 2679 Att.
538 2644 550 2678 1
576 2647 629 2683 20,
655 2648 675 2679 3
701 2651 790 2680 extr.

54 2684 113 2720 XII
137 2689 190 2726 28,
215 2689 246 2719 2.
288 2686 448 2722 ‘Parum
472 2689 632 2724 videtur'
659 2689 795 2725 erklart

56 2730 145 2766 Don.
171 2742 216 2766 zu
241 2730 320 2766 Ter.
346 2730 434 2767 Eun.
460 2731 487 2766 V
510 2735 541 2772 6,
568 2736 619 2768 12.

99 2788 176 2821 323.
202 2790 440 2823 contemnere
465 2797 524 2830 se,
551 2788 628 2823 sich
653 2789 794 2832 gering,

864 1098 1082 1133 hescheiden
1100 1097 1330 1141 anschlagen.
1344 1116 1387 1120 —
1400 1098 1606 1135 industria.

864 1143 1049 1182 Soliditat.
1082 1143 1247 1185 tiichtige
1273 1141 1335 1177 auf
1357 1142 1507 1178 Erwerb
1532 1142 1607 1177 und

863 1187 1200 1223 Zusammenhalten
1233 1187 1435 1230 geriehtete
1460 1187 1606 1230 Thatig-

863 1232 950 1267 keit.
994 1231 1192 1274 Uehrigens
1230 1231 1451 1266 wiederholt
1487 1232 1608 1266 dieser

864 1276 951 1312 vers
977 1287 1046 1311 nur
1071 1277 1107 1311 in
1132 1276 1286 1311 anderer
1310 1276 1417 1312 Form
1443 1275 1512 1311 den
1540 1275 1606 1311 Ge-

865 1320 1004 1356 danken
1023 1331 1093 1356 von
1108 1323 1188 1361 321,
1215 1321 1286 1355 wie
1306 1320 1406 1356 wohl
1426 1321 1518 1355 auch
1539 1323 1607 1354 322

866 1364 917 1408 (in
948 1365 1000 1400 CI)
1038 1364 1286 1408 ausgelassen)
1325 1376 1394 1400 nur
1431 1365 1510 1400 eine
1547 1376 1608 1399 an-

866 1410 950 1445 dere
988 1409 1150 1452 Fassung
1187 1420 1255 1445 von
1291 1412 1355 1443 321
1392 1410 1459 1448 ist,
1496 1409 1608 1444 daher.

864 1454 1019 1489 Ritschl²
1043 1454 1148 1490 beide
1172 1454 1283 1490 Verse
1308 1453 1608 1497 eingeklammert

865 1499 937 1539 hat,
963 1499 1032 1541 vgl.
1059 1498 1167 1534 311f.

909 1563 985 1595 324.
1015 1559 1120 1596 Niclit
1156 1571 1220 1595 aus
1257 1559 1607 1603 Selhstgeralligkeit

865 1604 956 1640 habe
998 1615 1036 1640 er
1072 1616 1113 1640 so
1156 1605 1405 1649 gesprochen,
1446 1604 1606 1640 sondern

864 1660 934 1728 ἓξὲξ
959 1649 1001 1685 ob
1026 1659 1109 1684 eam
1134 1660 1213 1685 rem
1235 1654 1302 1685 etc.
1328 1667 1372 1672 —
1397 1649 1488 1689 volo,
1516 1661 1543 1685 s.
1562 1660 1607 1684 zu

910 1752 988 1784 326.
1014 1750 1103 1784 hinc
1134 1749 1403 1785 attributivisch
1436 1760 1481 1785 zu
1512 1749 1607 1784 adu·

865 1794 1013 1830 lescens
1049 1794 1119 1828 wie
1157 1797 1233 1829 359.
1265 1796 1341 1829 872.
1383 1794 1463 1829 Ter.
1493 1793 1605 1828 Andr.

867 1839 893 1872 V
912 1842 942 1879 1,
962 1842 1004 1872 14
1027 1839 1131 1874 illam
1148 1839 1236 1874 hinc
1251 1840 1368 1874 civem
1385 1848 1469 1874 esse
1487 1840 1606 1874 aiunt.

907 1901 982 1935 328.
1009 1900 1066 1935 illi
1095 1900 1222 1935 nimmt
1253 1900 1321 1935 «len
1347 1899 1484 1942 Begriu‘
1512 1900 1606 1935 adu·

862 1945 1019 1980 lescenti
1042 1944 1181 1979 wieder
1206 1945 1283 1979 auf.
1315 1943 1480 1987 haufiger
1505 1945 1606 1980 dicut

863 1989 954 2024 dazu
990 1991 1023 2024 is
1054 1990 1126 2024 wie
1158 1988 1247 2024 Men.
1273 1988 1316 2023 IV
1347 1992 1384 2029 3,
1409 1992 1431 2022 4
1464 1989 1606 2032 pallam

862 2034 976 2074 illam,
1002 2045 1112 2077 quam
1137 2034 1202 2069 tibi
1227 2034 1368 2069 dudum
1384 2034 1482 2075 dedi,
1510 2033 1607 2068 Mihi

863 2089 957 2113 eom
997 2079 1125 2114 redde.
1180 2078 1309 2113 Pseud.
1349 2077 1362 2112 I
1402 2081 1440 2118 5,
1484 2081 1547 2111 114
1579 2078 1603 2113 f.

864 2123 891 2157 II
915 2126 947 2160 4.
974 2125 1016 2156 28
1034 2122 1059 2157 s.
1087 2122 1211 2158 Bacch.
1236 2122 1279 2156 IV
1304 2125 1334 2160 9,
1361 2125 1415 2158 21.
1439 2141 1482 2146 —
1507 2124 1543 2158 si
1565 2127 1606 2157 tu

864 2179 940 2203 non
976 2169 1099 2208 nevis,
1136 2179 1163 2202 s.
1198 2178 1242 2202 zu
1275 2169 1372 2203 1156,
1409 2166 1509 2211 Capt.
1540 2170 1606 2201 305

863 2212 938 2247 und
962 2212 1033 2255 vgl.
1052 2212 1147 2248 noch
1165 2212 1255 2247 Meu.
1275 2211 1301 2245 V
1319 2214 1351 2252 2,
1369 2214 1410 2245 37
1437 2214 1514 2248 nisi
1531 2223 1606 2247 non

863 2259 931 2292 vis.
968 2256 1071 2291 Cure.
1104 2256 1115 2290 I
1150 2261 1185 2297 1,
1217 2259 1259 2290 82
1300 2258 1378 2292 nisi
1411 2261 1451 2292 tu
1489 2258 1604 2293 nevis.

863 2302 968 2337 Most.
992 2300 1035 2335 III
1059 2304 1097 2341 2,
1124 2304 1166 2334 75
1192 2300 1302 2343 (762).
1327 2319 1371 2324 —
1401 2311 1533 2344 nempe
1560 2301 1604 2344 (s.

863 2345 954 2381 Einl.
986 2346 1021 2381 S.
1049 2349 1088 2379 17
1114 2345 1230 2387 Α11111.)
1263 2346 1309 2381 de
1342 2350 1428 2381 tuo?
1466 2348 1605 2381 ‘natur-

864 2390 936 2426 lich
973 2390 1082 2432 (doch
1113 2389 1229 2433 wohl)
1267 2401 1332 2425 aus
1365 2390 1496 2426 ‹leinen
1525 2390 1604 2425 Mit-

864 2435 967 2475 teln',
999 2435 1178 2475 ironisch;
1219 2434 1338 2471 Philto
1370 2435 1449 2470 will
1482 2445 1604 2477 sagen,

862 2479 944 2515 dass
981 2478 1065 2522 Lys.
1104 2479 1300 2522 cigentlich
1337 2479 1454 2514 nichts
1492 2478 1603 2517 habez

862 2524 907 2560 de
926 2529 999 2564 tuo,
1025 2524 1126 2559 nicht
1145 2525 1190 2559 de
1214 2528 1260 2564 te,
1279 2523 1350 2559 wie
1368 2528 1498 2559 noster
1514 2528 1604 2564 esto,

862 2569 932 2603 sed
961 2569 1007 2604 de
1040 2573 1166 2604 vostro
1203 2569 1312 2604 vivito
1355 2568 1458 2603 Truc.
1493 2568 1518 2601 V
1551 2572 1604 2609 61,

861 2613 996 2655 facere
1021 2618 1211 2655 sumptum
1235 2613 1280 2648 de
1305 2616 1367 2647 tuo
1392 2612 1517 2647 Bacch.
1542 2612 1603 2653 11,

862 2659 923 2696 65,
955 2657 1127 2698 obsonat,
1157 2661 1278 2699 potat,
1310 2657 1381 2691 olet
1412 2661 1606 2700 unquenta

864 2702 909 2735 de
934 2711 1012 2736 meo
1030 2701 1108 2736 Ter.
1126 2701 1226 2736 Adel.
1244 2700 1256 2734 1
1274 2704 1305 2740 2,
1324 2703 1378 2740 37,
1404 2700 1475 2744 vgl.
1497 2700 1603 2737 Poen.

864 2744 907 2779 III
933 2749 967 2785 1,
993 2748 1052 2785 32,
1083 2756 1143 2780 wo
1174 2746 1219 2780 de
1251 2746 1356 2788 quoio
1382 2746 1508 2781 ederis
1532 2756 1605 2782 von

864 2790 900 2825 S.
925 2789 1047 2832 Bugge
1072 2789 1279 2825 verbessert
1303 2789 1456 2826 worden
1481 2790 1537 2826 ist.
