<?xml version="1.0" encoding="UTF-8"?>
<!DOCTYPE html PUBLIC "-//W3C//DTD XHTML 1.0 Transitional//EN"
    "http://www.w3.org/TR/xhtml1/DTD/xhtml1-transitional.dtd">
<html xmlns="http://www.w3.org/1999/xhtml" xml:lang="en" lang="en">
 <head>
  <title>
</title>
<meta http-equiv="Content-Type" content="text/html;charset=utf-8" />
  <meta name='ocr-system' content='tesseract 3.04.00' />
  <meta name='ocr-capabilities' content='ocr_page ocr_carea ocr_par ocr_line ocrx_word'/>
</head>
<body>
  <div class='ocr_page' id='page_1' title='image "ausgewhltekom01plauuoft_0061.png"; bbox 0 0 1835 2984; ppageno 0'>
   <div class='ocr_carea' id='block_1_1' title="bbox 80 103 378 136">
    <p class='ocr_par' dir='ltr' id='par_1_1' title="bbox 80 103 378 136">
     <span class='ocr_line' id='line_1_1' title="bbox 80 103 378 136; baseline -0.007 0"><span class='ocrx_word' id='word_1_1' title='bbox 80 105 102 136; x_wconf 82' lang='lat'><strong>1</strong></span> <span class='ocrx_word' id='word_1_2' title='bbox 133 105 153 135; x_wconf 84' lang='lat'>2</span> <span class='ocrx_word' id='word_1_3' title='bbox 187 103 378 136; x_wconf 76' lang='lat'>167—184</span> 
     </span>
    </p>
   </div>
   <div class='ocr_carea' id='block_1_2' title="bbox 652 73 1631 134">
    <p class='ocr_par' dir='ltr' id='par_1_2' title="bbox 652 73 1631 134">
     <span class='ocr_line' id='line_1_2' title="bbox 652 73 1631 134; baseline -0.003 -5"><span class='ocrx_word' id='word_1_4' title='bbox 652 73 1064 129; x_wconf 38' lang='lat' dir='ltr'><strong>TRINVMMV&#39;S.</strong></span> <span class='ocrx_word' id='word_1_5' title='bbox 1576 92 1631 134; x_wconf 84' lang='lat'>49</span> 
     </span>
    </p>
   </div>
   <div class='ocr_carea' id='block_1_3' title="bbox 138 195 1025 247">
    <p class='ocr_par' dir='ltr' id='par_1_3' title="bbox 138 195 1025 247">
     <span class='ocr_line' id='line_1_3' title="bbox 138 195 1025 247; baseline -0.002 -10"><span class='ocrx_word' id='word_1_6' title='bbox 138 198 210 243; x_wconf 87' lang='lat' dir='ltr'>Qui</span> <span class='ocrx_word' id='word_1_7' title='bbox 240 197 401 237; x_wconf 82' lang='lat' dir='ltr'>illorum</span> <span class='ocrx_word' id='word_1_8' title='bbox 433 197 567 236; x_wconf 85' lang='lat' dir='ltr'>uerbis</span> <span class='ocrx_word' id='word_1_9' title='bbox 598 195 704 236; x_wconf 76' lang='lat' dir='ltr'>falsis</span> <span class='ocrx_word' id='word_1_10' title='bbox 736 197 920 247; x_wconf 78' lang='lat' dir='ltr'>acceptor</span> <span class='ocrx_word' id='word_1_11' title='bbox 950 197 1025 240; x_wconf 83' lang='lat' dir='ltr'>sui,</span> 
     </span>
    </p>
   </div>
   <div class='ocr_carea' id='block_1_4' title="bbox 138 252 1362 303">
    <p class='ocr_par' dir='ltr' id='par_1_4' title="bbox 138 252 1362 303">
     <span class='ocr_line' id='line_1_4' title="bbox 138 252 1362 303; baseline -0.002 -11"><span class='ocrx_word' id='word_1_12' title='bbox 138 253 211 299; x_wconf 89' lang='lat' dir='ltr'>Qui</span> <span class='ocrx_word' id='word_1_13' title='bbox 243 254 373 292; x_wconf 88' lang='lat' dir='ltr'>omnia</span> <span class='ocrx_word' id='word_1_14' title='bbox 404 264 444 291; x_wconf 87' lang='lat' dir='ltr'>se</span> <span class='ocrx_word' id='word_1_15' title='bbox 477 253 661 292; x_wconf 82' lang='lat' dir='ltr'>simulant</span> <span class='ocrx_word' id='word_1_16' title='bbox 689 252 791 290; x_wconf 87' lang='lat' dir='ltr'>scire</span> <span class='ocrx_word' id='word_1_17' title='bbox 822 264 950 303; x_wconf 89' lang='lat' dir='ltr'>neque</span> <span class='ocrx_word' id='word_1_18' title='bbox 982 252 1188 303; x_wconf 78' lang='lat' dir='ltr'>quicquain</span> <span class='ocrx_word' id='word_1_19' title='bbox 1220 253 1362 290; x_wconf 81' lang='lat' dir='ltr'>sciunt.</span> 
     </span>
    </p>
   </div>
   <div class='ocr_carea' id='block_1_5' title="bbox 1545 249 1629 291">
    <p class='ocr_par' dir='ltr' id='par_1_5' title="bbox 1545 249 1629 291">
     <span class='ocr_line' id='line_1_5' title="bbox 1545 249 1629 291; baseline 0.012 -1"><span class='ocrx_word' id='word_1_20' title='bbox 1545 249 1629 291; x_wconf 77' lang='lat'>205</span> 
     </span>
    </p>
   </div>
   <div class='ocr_carea' id='block_1_6' title="bbox 136 306 1404 360">
    <p class='ocr_par' dir='ltr' id='par_1_6' title="bbox 136 306 1404 360">
     <span class='ocr_line' id='line_1_6' title="bbox 136 306 1404 360; baseline -0.002 -12"><span class='ocrx_word' id='word_1_21' title='bbox 136 309 249 355; x_wconf 89' lang='lat' dir='ltr'>Quod</span> <span class='ocrx_word' id='word_1_22' title='bbox 281 310 446 360; x_wconf 87' lang='lat' dir='ltr'>quisque</span> <span class='ocrx_word' id='word_1_23' title='bbox 476 309 515 346; x_wconf 87' lang='lat' dir='ltr'>in</span> <span class='ocrx_word' id='word_1_24' title='bbox 547 308 707 346; x_wconf 82' lang='lat' dir='ltr'>animod</span> <span class='ocrx_word' id='word_1_25' title='bbox 736 306 855 345; x_wconf 76' lang='lat' dir='ltr'>habet</span> <span class='ocrx_word' id='word_1_26' title='bbox 885 313 950 346; x_wconf 86' lang='lat' dir='ltr'>aut</span> <span class='ocrx_word' id='word_1_27' title='bbox 980 306 1220 350; x_wconf 69' lang='lat' dir='ltr'>habiturust,</span> <span class='ocrx_word' id='word_1_28' title='bbox 1255 308 1404 350; x_wconf 80' lang='lat' dir='ltr'>seiuut;</span> 
     </span>
    </p>
   </div>
   <div class='ocr_carea' id='block_1_7' title="bbox 136 362 1114 414">
    <p class='ocr_par' dir='ltr' id='par_1_7' title="bbox 136 362 1114 414">
     <span class='ocr_line' id='line_1_7' title="bbox 136 362 1114 414; baseline -0.003 -10"><span class='ocrx_word' id='word_1_29' title='bbox 136 365 274 404; x_wconf 79' lang='lat' dir='ltr'>Sciunt</span> <span class='ocrx_word' id='word_1_30' title='bbox 304 364 395 414; x_wconf 87' lang='lat' dir='ltr'>quid</span> <span class='ocrx_word' id='word_1_31' title='bbox 426 365 466 402; x_wconf 88' lang='lat' dir='ltr'>in</span> <span class='ocrx_word' id='word_1_32' title='bbox 497 375 633 403; x_wconf 84' lang='lat' dir='ltr'>aurem</span> <span class='ocrx_word' id='word_1_33' title='bbox 664 362 732 400; x_wconf 77' lang='lat' dir='ltr'>rex</span> <span class='ocrx_word' id='word_1_34' title='bbox 763 363 923 412; x_wconf 84' lang='lat' dir='ltr'>reginae</span> <span class='ocrx_word' id='word_1_35' title='bbox 954 362 1114 401; x_wconf 82' lang='lat' dir='ltr'>dixerit:</span> 
     </span>
    </p>
   </div>
   <div class='ocr_carea' id='block_1_8' title="bbox 1567 368 1631 399">
    <p class='ocr_par' dir='ltr' id='par_1_8' title="bbox 1567 368 1631 399">
     <span class='ocr_line' id='line_1_8' title="bbox 1567 368 1631 399; baseline 0 0"><span class='ocrx_word' id='word_1_36' title='bbox 1567 368 1631 399; x_wconf 83' lang='lat'>170</span> 
     </span>
    </p>
   </div>
   <div class='ocr_carea' id='block_1_9' title="bbox 131 417 1306 526">
    <p class='ocr_par' dir='ltr' id='par_1_9' title="bbox 131 417 1306 526">
     <span class='ocr_line' id='line_1_9' title="bbox 138 417 1037 471; baseline -0.006 -11"><span class='ocrx_word' id='word_1_37' title='bbox 138 420 275 460; x_wconf 77' lang='lat' dir='ltr'>Sciunt</span> <span class='ocrx_word' id='word_1_38' title='bbox 307 418 409 471; x_wconf 90' lang='lat' dir='ltr'>quod</span> <span class='ocrx_word' id='word_1_39' title='bbox 440 418 536 458; x_wconf 85' lang='lat' dir='ltr'>Iuno</span> <span class='ocrx_word' id='word_1_40' title='bbox 566 417 775 457; x_wconf 77' lang='lat' dir='ltr'>fabulatast</span> <span class='ocrx_word' id='word_1_41' title='bbox 806 417 895 457; x_wconf 82' lang='lat' dir='ltr'>cuin</span> <span class='ocrx_word' id='word_1_42' title='bbox 926 417 1037 456; x_wconf 85' lang='lat' dir='ltr'>Ioue:</span> 
     </span>
     <span class='ocr_line' id='line_1_10' title="bbox 131 472 1306 526; baseline -0.004 -11"><span class='ocrx_word' id='word_1_43' title='bbox 131 476 241 522; x_wconf 89' lang='lat' dir='ltr'>Quae</span> <span class='ocrx_word' id='word_1_44' title='bbox 272 476 399 526; x_wconf 81' lang='lat' dir='ltr'>neque</span> <span class='ocrx_word' id='word_1_45' title='bbox 431 473 590 513; x_wconf 85' lang='lat' dir='ltr'>fuerunt</span> <span class='ocrx_word' id='word_1_46' title='bbox 621 474 747 524; x_wconf 79' lang='lat' dir='ltr'>neque</span> <span class='ocrx_word' id='word_1_47' title='bbox 778 479 886 518; x_wconf 87' lang='lat' dir='ltr'>sunt,</span> <span class='ocrx_word' id='word_1_48' title='bbox 918 479 1048 512; x_wconf 87' lang='lat' dir='ltr'>tamen</span> <span class='ocrx_word' id='word_1_49' title='bbox 1080 472 1137 511; x_wconf 87' lang='lat' dir='ltr'>illi</span> <span class='ocrx_word' id='word_1_50' title='bbox 1168 474 1306 511; x_wconf 85' lang='lat' dir='ltr'>sciunt.</span> 
     </span>
    </p>
   </div>
   <div class='ocr_carea' id='block_1_10' title="bbox 137 528 1232 580">
    <p class='ocr_par' dir='ltr' id='par_1_10' title="bbox 137 528 1232 580">
     <span class='ocr_line' id='line_1_11' title="bbox 137 528 1232 580; baseline -0.005 -9"><span class='ocrx_word' id='word_1_51' title='bbox 137 531 305 571; x_wconf 80' lang='lat' dir='ltr'>Falsone</span> <span class='ocrx_word' id='word_1_52' title='bbox 335 541 383 569; x_wconf 87' lang='lat' dir='ltr'>an</span> <span class='ocrx_word' id='word_1_53' title='bbox 415 541 511 568; x_wconf 90' lang='lat' dir='ltr'>uero</span> <span class='ocrx_word' id='word_1_54' title='bbox 541 529 720 572; x_wconf 81' lang='lat' dir='ltr'>laudent,</span> <span class='ocrx_word' id='word_1_55' title='bbox 753 529 913 580; x_wconf 84' lang='lat' dir='ltr'>culpent</span> <span class='ocrx_word' id='word_1_56' title='bbox 943 529 1057 580; x_wconf 80' lang='lat' dir='ltr'>quem</span> <span class='ocrx_word' id='word_1_57' title='bbox 1089 528 1232 573; x_wconf 87' lang='lat' dir='ltr'>uelint,</span> 
     </span>
    </p>
   </div>
   <div class='ocr_carea' id='block_1_11' title="bbox 1549 526 1632 568">
    <p class='ocr_par' dir='ltr' id='par_1_11' title="bbox 1549 526 1632 568">
     <span class='ocr_line' id='line_1_12' title="bbox 1549 526 1632 568; baseline 0.012 -1"><span class='ocrx_word' id='word_1_58' title='bbox 1549 526 1632 568; x_wconf 83' lang='grc'>210</span> 
     </span>
    </p>
   </div>
   <div class='ocr_carea' id='block_1_12' title="bbox 135 583 1285 635">
    <p class='ocr_par' dir='ltr' id='par_1_12' title="bbox 135 583 1285 635">
     <span class='ocr_line' id='line_1_13' title="bbox 135 583 1285 635; baseline -0.002 -10"><span class='ocrx_word' id='word_1_59' title='bbox 135 587 222 626; x_wconf 89' lang='lat' dir='ltr'>Non</span> <span class='ocrx_word' id='word_1_60' title='bbox 253 586 366 624; x_wconf 81' lang='lat' dir='ltr'>flocci</span> <span class='ocrx_word' id='word_1_61' title='bbox 396 585 563 630; x_wconf 82' lang='lat' dir='ltr'>faciunt,</span> <span class='ocrx_word' id='word_1_62' title='bbox 597 584 689 623; x_wconf 80' lang='lat' dir='ltr'>dum</span> <span class='ocrx_word' id='word_1_63' title='bbox 721 583 817 623; x_wconf 88' lang='lat' dir='ltr'>illud</span> <span class='ocrx_word' id='word_1_64' title='bbox 849 583 951 635; x_wconf 88' lang='lat' dir='ltr'>quod</span> <span class='ocrx_word' id='word_1_65' title='bbox 984 583 1116 623; x_wconf 78' lang='lat' dir='ltr'>lubeat</span> <span class='ocrx_word' id='word_1_66' title='bbox 1148 585 1285 623; x_wconf 89' lang='lat' dir='ltr'>sciant.</span> 
     </span>
    </p>
   </div>
   <div class='ocr_carea' id='block_1_13' title="bbox 135 638 1054 682">
    <p class='ocr_par' dir='ltr' id='par_1_13' title="bbox 135 638 1054 682">
     <span class='ocr_line' id='line_1_14' title="bbox 135 638 1054 682; baseline -0.003 -1"><span class='ocrx_word' id='word_1_67' title='bbox 135 642 282 682; x_wconf 71' lang='lat' dir='ltr'>Omnes</span> <span class='ocrx_word' id='word_1_68' title='bbox 312 641 497 680; x_wconf 75' lang='lat' dir='ltr'>mortales</span> <span class='ocrx_word' id='word_1_69' title='bbox 529 640 636 679; x_wconf 78' lang='lat' dir='ltr'>hunc</span> <span class='ocrx_word' id='word_1_70' title='bbox 667 639 824 679; x_wconf 77' lang='lat' dir='ltr'>aiebant</span> <span class='ocrx_word' id='word_1_71' title='bbox 855 638 1054 679; x_wconf 77' lang='lat' dir='ltr'>Calliclem</span> 
     </span>
    </p>
   </div>
   <div class='ocr_carea' id='block_1_14' title="bbox 1568 646 1629 676">
    <p class='ocr_par' dir='ltr' id='par_1_14' title="bbox 1568 646 1629 676">
     <span class='ocr_line' id='line_1_15' title="bbox 1568 646 1629 676; baseline 0 0"><span class='ocrx_word' id='word_1_72' title='bbox 1568 646 1629 676; x_wconf 82' lang='lat'>175</span> 
     </span>
    </p>
   </div>
   <div class='ocr_carea' id='block_1_15' title="bbox 132 696 1177 803">
    <p class='ocr_par' dir='ltr' id='par_1_15' title="bbox 132 696 1177 803">
     <span class='ocr_line' id='line_1_16' title="bbox 135 696 913 747; baseline -0.003 -11"><span class='ocrx_word' id='word_1_73' title='bbox 135 698 343 747; x_wconf 84' lang='lat' dir='ltr'>Indignum</span> <span class='ocrx_word' id='word_1_74' title='bbox 375 697 534 735; x_wconf 79' lang='lat' dir='ltr'>ciuitate</span> <span class='ocrx_word' id='word_1_75' title='bbox 565 708 610 734; x_wconf 85' lang='lat' dir='ltr'>ac</span> <span class='ocrx_word' id='word_1_76' title='bbox 640 708 727 734; x_wconf 85' lang='lat' dir='ltr'>sese</span> <span class='ocrx_word' id='word_1_77' title='bbox 758 696 913 741; x_wconf 88' lang='lat' dir='ltr'>uiuere,</span> 
     </span>
     <span class='ocr_line' id='line_1_17' title="bbox 132 751 1177 803; baseline -0.004 -11"><span class='ocrx_word' id='word_1_78' title='bbox 132 754 253 793; x_wconf 88' lang='lat' dir='ltr'>Bonis</span> <span class='ocrx_word' id='word_1_79' title='bbox 284 753 350 803; x_wconf 91' lang='lat' dir='ltr'>qui</span> <span class='ocrx_word' id='word_1_80' title='bbox 381 751 487 791; x_wconf 86' lang='lat' dir='ltr'>hunc</span> <span class='ocrx_word' id='word_1_81' title='bbox 518 751 810 791; x_wconf 80' lang='lat' dir='ltr'>adulescentem</span> <span class='ocrx_word' id='word_1_82' title='bbox 844 751 1054 790; x_wconf 76' lang='lat' dir='ltr'>euortisset</span> <span class='ocrx_word' id='word_1_83' title='bbox 1085 751 1177 790; x_wconf 85' lang='lat' dir='ltr'>suis.</span> 
     </span>
    </p>
   </div>
   <div class='ocr_carea' id='block_1_16' title="bbox 133 807 1188 859">
    <p class='ocr_par' dir='ltr' id='par_1_16' title="bbox 133 807 1188 859">
     <span class='ocr_line' id='line_1_18' title="bbox 133 807 1188 859; baseline -0.002 -12"><span class='ocrx_word' id='word_1_84' title='bbox 133 810 216 859; x_wconf 84' lang='lat' dir='ltr'>Ego</span> <span class='ocrx_word' id='word_1_85' title='bbox 249 808 296 847; x_wconf 86' lang='lat' dir='ltr'>de</span> <span class='ocrx_word' id='word_1_86' title='bbox 329 808 465 847; x_wconf 81' lang='lat' dir='ltr'>eorum</span> <span class='ocrx_word' id='word_1_87' title='bbox 496 807 631 847; x_wconf 83' lang='lat' dir='ltr'>uerbis</span> <span class='ocrx_word' id='word_1_88' title='bbox 662 807 987 858; x_wconf 62' lang='lat' dir='ltr'>famigeratorum</span> <span class='ocrx_word' id='word_1_89' title='bbox 1018 808 1188 846; x_wconf 79' lang='lat' dir='ltr'>insciens</span> 
     </span>
    </p>
   </div>
   <div class='ocr_carea' id='block_1_17' title="bbox 1546 804 1629 846">
    <p class='ocr_par' dir='ltr' id='par_1_17' title="bbox 1546 804 1629 846">
     <span class='ocr_line' id='line_1_19' title="bbox 1546 804 1629 846; baseline 0.012 -1"><span class='ocrx_word' id='word_1_90' title='bbox 1546 804 1629 846; x_wconf 74' lang='lat'>215</span> 
     </span>
    </p>
   </div>
   <div class='ocr_carea' id='block_1_18' title="bbox 132 863 1002 913">
    <p class='ocr_par' dir='ltr' id='par_1_18' title="bbox 132 863 1002 913">
     <span class='ocr_line' id='line_1_20' title="bbox 132 863 1002 913; baseline -0.002 -10"><span class='ocrx_word' id='word_1_91' title='bbox 132 864 302 904; x_wconf 84' lang='lat' dir='ltr'>Prosilui</span> <span class='ocrx_word' id='word_1_92' title='bbox 332 865 498 903; x_wconf 88' lang='lat' dir='ltr'>amicum</span> <span class='ocrx_word' id='word_1_93' title='bbox 530 863 758 913; x_wconf 80' lang='lat' dir='ltr'>castigatum</span> <span class='ocrx_word' id='word_1_94' title='bbox 789 864 1002 902; x_wconf 84' lang='lat' dir='ltr'>innoxium.</span> 
     </span>
    </p>
   </div>
   <div class='ocr_carea' id='block_1_19' title="bbox 132 918 1223 970">
    <p class='ocr_par' dir='ltr' id='par_1_19' title="bbox 132 918 1223 970">
     <span class='ocr_line' id='line_1_21' title="bbox 132 918 1223 970; baseline -0.002 -11"><span class='ocrx_word' id='word_1_95' title='bbox 132 920 243 967; x_wconf 85' lang='lat' dir='ltr'>Quod</span> <span class='ocrx_word' id='word_1_96' title='bbox 275 920 308 959; x_wconf 89' lang='lat' dir='ltr'>si</span> <span class='ocrx_word' id='word_1_97' title='bbox 338 920 570 970; x_wconf 79' lang='lat' dir='ltr'>exquiratur</span> <span class='ocrx_word' id='word_1_98' title='bbox 602 919 728 970; x_wconf 79' lang='lat' dir='ltr'>usque</span> <span class='ocrx_word' id='word_1_99' title='bbox 760 918 807 957; x_wconf 89' lang='lat' dir='ltr'>ab</span> <span class='ocrx_word' id='word_1_100' title='bbox 839 919 960 970; x_wconf 75' lang='lat' dir='ltr'>stirpe</span> <span class='ocrx_word' id='word_1_101' title='bbox 991 920 1223 961; x_wconf 72' lang='lat' dir='ltr'>aucteritas,</span> 
     </span>
    </p>
   </div>
   <div class='ocr_carea' id='block_1_20' title="bbox 1566 924 1628 955">
    <p class='ocr_par' dir='ltr' id='par_1_20' title="bbox 1566 924 1628 955">
     <span class='ocr_line' id='line_1_22' title="bbox 1566 924 1628 955; baseline 0 -1"><span class='ocrx_word' id='word_1_102' title='bbox 1566 924 1628 955; x_wconf 86' lang='lat'>180</span> 
     </span>
    </p>
   </div>
   <div class='ocr_carea' id='block_1_21' title="bbox 131 974 1251 1081">
    <p class='ocr_par' dir='ltr' id='par_1_21' title="bbox 131 974 1251 1081">
     <span class='ocr_line' id='line_1_23' title="bbox 133 974 1251 1027; baseline -0.002 -13"><span class='ocrx_word' id='word_1_103' title='bbox 133 976 242 1015; x_wconf 87' lang='lat' dir='ltr'>Vnde</span> <span class='ocrx_word' id='word_1_104' title='bbox 273 975 445 1027; x_wconf 86' lang='lat' dir='ltr'>quidque</span> <span class='ocrx_word' id='word_1_105' title='bbox 477 975 654 1014; x_wconf 88' lang='lat' dir='ltr'>auditum</span> <span class='ocrx_word' id='word_1_106' title='bbox 687 975 837 1013; x_wconf 88' lang='lat' dir='ltr'>dicant:</span> <span class='ocrx_word' id='word_1_107' title='bbox 870 975 945 1013; x_wconf 84' lang='lat' dir='ltr'>nisi</span> <span class='ocrx_word' id='word_1_108' title='bbox 975 974 1013 1012; x_wconf 92' lang='lat' dir='ltr'>id</span> <span class='ocrx_word' id='word_1_109' title='bbox 1046 974 1251 1026; x_wconf 80' lang='lat' dir='ltr'>adpareat,</span> 
     </span>
     <span class='ocr_line' id='line_1_24' title="bbox 131 1030 1105 1081; baseline -0.003 -10"><span class='ocrx_word' id='word_1_110' title='bbox 131 1032 417 1081; x_wconf 82' lang='lat' dir='ltr'>Famigeratori</span> <span class='ocrx_word' id='word_1_111' title='bbox 447 1033 512 1070; x_wconf 79' lang='lat' dir='ltr'>res</span> <span class='ocrx_word' id='word_1_112' title='bbox 543 1033 591 1070; x_wconf 85' lang='lat' dir='ltr'>sit</span> <span class='ocrx_word' id='word_1_113' title='bbox 621 1042 710 1070; x_wconf 86' lang='lat' dir='ltr'>cum</span> <span class='ocrx_word' id='word_1_114' title='bbox 743 1031 885 1069; x_wconf 87' lang='lat' dir='ltr'>damno</span> <span class='ocrx_word' id='word_1_115' title='bbox 917 1031 956 1069; x_wconf 77' lang='lat' dir='ltr'>et</span> <span class='ocrx_word' id='word_1_116' title='bbox 987 1030 1105 1069; x_wconf 79' lang='lat' dir='ltr'>maio:</span> 
     </span>
    </p>
   </div>
   <div class='ocr_carea' id='block_1_22' title="bbox 132 1085 917 1139">
    <p class='ocr_par' dir='ltr' id='par_1_22' title="bbox 132 1085 917 1139">
     <span class='ocr_line' id='line_1_25' title="bbox 132 1085 917 1139; baseline -0.003 -13"><span class='ocrx_word' id='word_1_117' title='bbox 132 1088 215 1127; x_wconf 87' lang='lat' dir='ltr'>Hoc</span> <span class='ocrx_word' id='word_1_118' title='bbox 245 1089 296 1126; x_wconf 87' lang='lat' dir='ltr'>ita</span> <span class='ocrx_word' id='word_1_119' title='bbox 329 1090 361 1126; x_wconf 85' lang='lat' dir='ltr'>si</span> <span class='ocrx_word' id='word_1_120' title='bbox 391 1087 477 1132; x_wconf 87' lang='lat' dir='ltr'>fiat,</span> <span class='ocrx_word' id='word_1_121' title='bbox 510 1087 667 1139; x_wconf 83' lang='lat' dir='ltr'>puplico</span> <span class='ocrx_word' id='word_1_122' title='bbox 698 1086 764 1125; x_wconf 80' lang='lat' dir='ltr'>fiat</span> <span class='ocrx_word' id='word_1_123' title='bbox 794 1085 917 1131; x_wconf 90' lang='lat' dir='ltr'>bono;</span> 
     </span>
    </p>
   </div>
   <div class='ocr_carea' id='block_1_23' title="bbox 1544 1082 1627 1123">
    <p class='ocr_par' dir='ltr' id='par_1_23' title="bbox 1544 1082 1627 1123">
     <span class='ocr_line' id='line_1_26' title="bbox 1544 1082 1627 1123; baseline 0 0"><span class='ocrx_word' id='word_1_124' title='bbox 1544 1082 1627 1123; x_wconf 80' lang='grc'>220</span> 
     </span>
    </p>
   </div>
   <div class='ocr_carea' id='block_1_24' title="bbox 132 1142 1125 1194">
    <p class='ocr_par' dir='ltr' id='par_1_24' title="bbox 132 1142 1125 1194">
     <span class='ocr_line' id='line_1_27' title="bbox 132 1142 1125 1194; baseline -0.001 -12"><span class='ocrx_word' id='word_1_125' title='bbox 132 1144 247 1182; x_wconf 83' lang='lat' dir='ltr'>Pauci</span> <span class='ocrx_word' id='word_1_126' title='bbox 279 1144 358 1182; x_wconf 84' lang='lat' dir='ltr'>sint</span> <span class='ocrx_word' id='word_1_127' title='bbox 388 1143 505 1182; x_wconf 80' lang='lat' dir='ltr'>faxim</span> <span class='ocrx_word' id='word_1_128' title='bbox 537 1143 603 1194; x_wconf 87' lang='lat' dir='ltr'>qui</span> <span class='ocrx_word' id='word_1_129' title='bbox 635 1144 759 1181; x_wconf 84' lang='lat' dir='ltr'>sciant</span> <span class='ocrx_word' id='word_1_130' title='bbox 789 1142 893 1193; x_wconf 88' lang='lat' dir='ltr'>quod</span> <span class='ocrx_word' id='word_1_131' title='bbox 926 1143 1125 1186; x_wconf 81' lang='lat' dir='ltr'>nesciunt,</span> 
     </span>
    </p>
   </div>
   <div class='ocr_carea' id='block_1_25' title="bbox 68 1296 823 2809">
    <p class='ocr_par' dir='ltr' id='par_1_25' title="bbox 73 1296 816 1386">
     <span class='ocr_line' id='line_1_28' title="bbox 118 1296 816 1337; baseline 0 -6"><span class='ocrx_word' id='word_1_132' title='bbox 118 1300 195 1333; x_wconf 71' lang='lat'><strong>204.</strong></span> <span class='ocrx_word' id='word_1_133' title='bbox 225 1297 393 1337; x_wconf 80' lang='lat' dir='ltr'>illorum,</span> <span class='ocrx_word' id='word_1_134' title='bbox 426 1297 549 1332; x_wconf 84' lang='lat' dir='ltr'>deutet</span> <span class='ocrx_word' id='word_1_135' title='bbox 574 1297 637 1332; x_wconf 77' lang='lat' dir='ltr'>aus</span> <span class='ocrx_word' id='word_1_136' title='bbox 660 1296 721 1332; x_wconf 84' lang='lat' dir='ltr'>das</span> <span class='ocrx_word' id='word_1_137' title='bbox 748 1296 816 1332; x_wconf 84' lang='lat' dir='ltr'>sol-</span> 
     </span>
     <span class='ocr_line' id='line_1_29' title="bbox 73 1342 377 1386; baseline -0.003 -8"><span class='ocrx_word' id='word_1_138' title='bbox 73 1342 192 1386; x_wconf 83' lang='lat' dir='ltr'>gende</span> <span class='ocrx_word' id='word_1_139' title='bbox 217 1344 281 1385; x_wconf 79' lang='lat' dir='ltr'>qui</span> <span class='ocrx_word' id='word_1_140' title='bbox 304 1342 377 1377; x_wconf 90' lang='lat' dir='ltr'>hin.</span> 
     </span>
    </p>

    <p class='ocr_par' dir='ltr' id='par_1_26' title="bbox 71 1387 818 1512">
     <span class='ocr_line' id='line_1_30' title="bbox 118 1387 818 1428; baseline 0 -8"><span class='ocrx_word' id='word_1_141' title='bbox 118 1390 194 1423; x_wconf 85' lang='grc'>206.</span> <span class='ocrx_word' id='word_1_142' title='bbox 220 1387 390 1428; x_wconf 80' lang='lat' dir='ltr'>animod,</span> <span class='ocrx_word' id='word_1_143' title='bbox 423 1397 449 1422; x_wconf 92' lang='lat' dir='ltr'>s.</span> <span class='ocrx_word' id='word_1_144' title='bbox 476 1397 521 1421; x_wconf 91' lang='lat' dir='ltr'>zu</span> <span class='ocrx_word' id='word_1_145' title='bbox 549 1389 599 1422; x_wconf 90' lang='lat'>10.</span> <span class='ocrx_word' id='word_1_146' title='bbox 624 1405 668 1410; x_wconf 97' lang='lat'>—</span> <span class='ocrx_word' id='word_1_147' title='bbox 692 1387 818 1421; x_wconf 86' lang='lat' dir='ltr'>sciunt</span> 
     </span>
     <span class='ocr_line' id='line_1_31' title="bbox 71 1430 814 1512; baseline -0.003 -45"><span class='ocrx_word' id='word_1_148' title='bbox 71 1432 95 1467; x_wconf 93' lang='lat' dir='ltr'>i.</span> <span class='ocrx_word' id='word_1_149' title='bbox 123 1443 154 1512; x_wconf 69' lang='lat' dir='ltr'>el.</span> <span class='ocrx_word' id='word_1_150' title='bbox 180 1433 281 1467; x_wconf 75' lang='lat' dir='ltr'>scire</span> <span class='ocrx_word' id='word_1_151' title='bbox 306 1442 347 1467; x_wconf 82' lang='lat' dir='ltr'>se</span> <span class='ocrx_word' id='word_1_152' title='bbox 364 1431 545 1467; x_wconf 81' lang='lat' dir='ltr'>simulant</span> <span class='ocrx_word' id='word_1_153' title='bbox 563 1431 633 1466; x_wconf 90' lang='lat' dir='ltr'>wie</span> <span class='ocrx_word' id='word_1_154' title='bbox 648 1431 695 1466; x_wconf 90' lang='lat' dir='ltr'>im</span> <span class='ocrx_word' id='word_1_155' title='bbox 714 1430 814 1473; x_wconf 84' lang='lat' dir='ltr'>Folg.</span> 
     </span>
     <span class='ocr_line' id='line_1_32' title="bbox 75 1479 249 1512; baseline -0.006 0"><span class='ocrx_word' id='word_1_156' title='bbox 75 1488 138 1512; x_wconf 79' lang='lat' dir='ltr'>un(</span> <span class='ocrx_word' id='word_1_157' title='bbox 173 1479 249 1511; x_wconf 86' lang='grc'>221.</span> 
     </span>
    </p>

    <p class='ocr_par' dir='ltr' id='par_1_27' title="bbox 71 1518 815 1786">
     <span class='ocr_line' id='line_1_33' title="bbox 117 1518 815 1563; baseline 0 -9"><span class='ocrx_word' id='word_1_158' title='bbox 117 1522 195 1554; x_wconf 88' lang='grc'>208.</span> <span class='ocrx_word' id='word_1_159' title='bbox 219 1521 336 1561; x_wconf 85' lang='lat' dir='ltr'>Juno,</span> <span class='ocrx_word' id='word_1_160' title='bbox 364 1519 602 1563; x_wconf 77' lang='lat' dir='ltr'>Steigerung,</span> <span class='ocrx_word' id='word_1_161' title='bbox 636 1520 692 1554; x_wconf 80' lang='lat' dir='ltr'>die</span> <span class='ocrx_word' id='word_1_162' title='bbox 718 1518 815 1554; x_wconf 72' lang='lat' dir='ltr'>Falle</span> 
     </span>
     <span class='ocr_line' id='line_1_34' title="bbox 73 1563 815 1607; baseline -0.003 -6"><span class='ocrx_word' id='word_1_163' title='bbox 73 1565 156 1601; x_wconf 88' lang='lat' dir='ltr'>sind</span> <span class='ocrx_word' id='word_1_164' title='bbox 181 1565 361 1601; x_wconf 77' lang='lat' dir='ltr'>naturlich</span> <span class='ocrx_word' id='word_1_165' title='bbox 386 1563 510 1607; x_wconf 79' lang='lat' dir='ltr'>fingirt</span> <span class='ocrx_word' id='word_1_166' title='bbox 535 1566 605 1600; x_wconf 90' lang='lat' dir='ltr'>wie</span> <span class='ocrx_word' id='word_1_167' title='bbox 619 1566 661 1597; x_wconf 86' lang='lat'>83</span> <span class='ocrx_word' id='word_1_168' title='bbox 678 1563 724 1604; x_wconf 66' lang='lat'>111,</span> <span class='ocrx_word' id='word_1_169' title='bbox 751 1563 815 1599; x_wconf 86' lang='lat' dir='ltr'>der</span> 
     </span>
     <span class='ocr_line' id='line_1_35' title="bbox 72 1608 814 1653; baseline -0.003 -6.997"><span class='ocrx_word' id='word_1_170' title='bbox 72 1610 225 1646; x_wconf 83' lang='lat' dir='ltr'>letztere</span> <span class='ocrx_word' id='word_1_171' title='bbox 257 1609 399 1645; x_wconf 84' lang='lat' dir='ltr'>scheint</span> <span class='ocrx_word' id='word_1_172' title='bbox 431 1608 726 1653; x_wconf 74' lang='lat' dir='ltr'>spriehwortlich</span> <span class='ocrx_word' id='word_1_173' title='bbox 753 1618 814 1650; x_wconf 86' lang='lat' dir='ltr'>ge-</span> 
     </span>
     <span class='ocr_line' id='line_1_36' title="bbox 72 1653 813 1694; baseline -0.001 -5"><span class='ocrx_word' id='word_1_174' title='bbox 72 1664 198 1691; x_wconf 83' lang='lat' dir='ltr'>wesen</span> <span class='ocrx_word' id='word_1_175' title='bbox 223 1665 267 1689; x_wconf 91' lang='lat' dir='ltr'>zu</span> <span class='ocrx_word' id='word_1_176' title='bbox 281 1654 370 1694; x_wconf 87' lang='lat' dir='ltr'>sein,</span> <span class='ocrx_word' id='word_1_177' title='bbox 388 1653 482 1689; x_wconf 84' lang='lat' dir='ltr'>deun</span> <span class='ocrx_word' id='word_1_178' title='bbox 500 1653 645 1689; x_wconf 78' lang='lat' dir='ltr'>ahnlich</span> <span class='ocrx_word' id='word_1_179' title='bbox 662 1654 813 1688; x_wconf 84' lang='lat' dir='ltr'>Theocr-</span> 
     </span>
     <span class='ocr_line' id='line_1_37' title="bbox 71 1697 815 1751; baseline -0.005 -17"><span class='ocrx_word' id='word_1_180' title='bbox 71 1699 122 1734; x_wconf 88' lang='lat' dir='ltr'>Id.</span> <span class='ocrx_word' id='word_1_181' title='bbox 166 1698 223 1733; x_wconf 87' lang='lat' dir='ltr'>XV</span> <span class='ocrx_word' id='word_1_182' title='bbox 254 1701 298 1731; x_wconf 84' lang='lat'>64</span> <span class='ocrx_word' id='word_1_183' title='bbox 327 1710 454 1731; x_wconf 69' lang='lat' dir='ltr'>noema</span> <span class='ocrx_word' id='word_1_184' title='bbox 479 1701 657 1751; x_wconf 78' lang='grc' dir='ltr'>γυναῖκες</span> <span class='ocrx_word' id='word_1_185' title='bbox 690 1697 815 1730; x_wconf 78' lang='grc' dir='ltr'>ἴσαντι</span> 
     </span>
     <span class='ocr_line' id='line_1_38' title="bbox 73 1737 669 1786; baseline -0.003 -9"><span class='ocrx_word' id='word_1_186' title='bbox 73 1743 138 1777; x_wconf 80' lang='grc' dir='ltr'>καὶ</span> <span class='ocrx_word' id='word_1_187' title='bbox 164 1740 212 1782; x_wconf 77' lang='grc' dir='ltr'>ὡς</span> <span class='ocrx_word' id='word_1_188' title='bbox 239 1740 335 1782; x_wconf 78' lang='grc' dir='ltr'><strong><em>Ζεὺς</em></strong></span> <span class='ocrx_word' id='word_1_189' title='bbox 359 1737 516 1786; x_wconf 75' lang='grc' dir='ltr'><em>ἠγάγετ’</em></span> <span class='ocrx_word' id='word_1_190' title='bbox 533 1739 605 1784; x_wconf 79' lang='grc' dir='ltr'>’ρΗ</span> <span class='ocrx_word' id='word_1_191' title='bbox 610 1755 669 1777; x_wconf 85' lang='grc' dir='ltr'>αν.</span> 
     </span>
    </p>

    <p class='ocr_par' dir='ltr' id='par_1_28' title="bbox 68 1786 815 2009">
     <span class='ocr_line' id='line_1_39' title="bbox 117 1786 814 1831; baseline 0 -10"><span class='ocrx_word' id='word_1_192' title='bbox 117 1791 194 1823; x_wconf 90' lang='grc'>210.</span> <span class='ocrx_word' id='word_1_193' title='bbox 214 1798 321 1831; x_wconf 83' lang='lat' dir='ltr'>quem</span> <span class='ocrx_word' id='word_1_194' title='bbox 335 1788 459 1827; x_wconf 84' lang='lat' dir='ltr'>velint,</span> <span class='ocrx_word' id='word_1_195' title='bbox 478 1787 605 1830; x_wconf 89' lang='lat' dir='ltr'>Object</span> <span class='ocrx_word' id='word_1_196' title='bbox 624 1798 667 1822; x_wconf 89' lang='lat' dir='ltr'>zu</span> <span class='ocrx_word' id='word_1_197' title='bbox 685 1786 814 1822; x_wconf 84' lang='lat' dir='ltr'>beiden</span> 
     </span>
     <span class='ocr_line' id='line_1_40' title="bbox 74 1831 815 1875; baseline -0.003 -7"><span class='ocrx_word' id='word_1_198' title='bbox 74 1832 189 1868; x_wconf 82' lang='lat' dir='ltr'>durch</span> <span class='ocrx_word' id='word_1_199' title='bbox 208 1834 269 1868; x_wconf 86' lang='lat' dir='ltr'>das</span> <span class='ocrx_word' id='word_1_200' title='bbox 289 1832 501 1875; x_wconf 84' lang='lat' dir='ltr'>Asyndeton</span> <span class='ocrx_word' id='word_1_201' title='bbox 526 1831 577 1867; x_wconf 89' lang='lat' dir='ltr'>als</span> <span class='ocrx_word' id='word_1_202' title='bbox 593 1832 815 1874; x_wconf 72' lang='lat' dir='ltr'>Gegensatze</span> 
     </span>
     <span class='ocr_line' id='line_1_41' title="bbox 71 1876 815 1919; baseline -0.003 -7"><span class='ocrx_word' id='word_1_203' title='bbox 71 1876 268 1912; x_wconf 75' lang='lat' dir='ltr'>markirten</span> <span class='ocrx_word' id='word_1_204' title='bbox 284 1876 432 1912; x_wconf 81' lang='lat' dir='ltr'>Vei-ben.</span> <span class='ocrx_word' id='word_1_205' title='bbox 445 1895 487 1900; x_wconf 93' lang='lat'>—</span> <span class='ocrx_word' id='word_1_206' title='bbox 501 1877 650 1919; x_wconf 74' lang='lat' dir='ltr'>culpent</span> <span class='ocrx_word' id='word_1_207' title='bbox 664 1891 707 1903; x_wconf 95' lang='lat'>=</span> <span class='ocrx_word' id='word_1_208' title='bbox 722 1877 815 1911; x_wconf 77' lang='lat' dir='ltr'>vitu-</span> 
     </span>
     <span class='ocr_line' id='line_1_42' title="bbox 68 1921 814 1965; baseline -0.003 -8"><span class='ocrx_word' id='word_1_209' title='bbox 68 1925 221 1965; x_wconf 73' lang='lat' dir='ltr'>perent,</span> <span class='ocrx_word' id='word_1_210' title='bbox 253 1921 325 1956; x_wconf 85' lang='lat' dir='ltr'>wie</span> <span class='ocrx_word' id='word_1_211' title='bbox 355 1921 512 1964; x_wconf 76' lang='lat' dir='ltr'>culpare</span> <span class='ocrx_word' id='word_1_212' title='bbox 549 1921 622 1956; x_wconf 81' lang='lat' dir='ltr'>und</span> <span class='ocrx_word' id='word_1_213' title='bbox 653 1921 814 1956; x_wconf 80' lang='lat' dir='ltr'>laudare</span> 
     </span>
     <span class='ocr_line' id='line_1_43' title="bbox 72 1965 815 2009; baseline -0.001 -8"><span class='ocrx_word' id='word_1_214' title='bbox 72 1967 197 2002; x_wconf 87' lang='lat' dir='ltr'>Bacch.</span> <span class='ocrx_word' id='word_1_215' title='bbox 218 1965 259 2000; x_wconf 85' lang='grc' dir='ltr'>ΙΙΙ</span> <span class='ocrx_word' id='word_1_216' title='bbox 277 1969 310 2006; x_wconf 90' lang='grc'>2,</span> <span class='ocrx_word' id='word_1_217' title='bbox 332 1969 371 1999; x_wconf 86' lang='grc'>13</span> <span class='ocrx_word' id='word_1_218' title='bbox 385 1966 432 2001; x_wconf 90' lang='lat' dir='ltr'>im</span> <span class='ocrx_word' id='word_1_219' title='bbox 451 1965 650 2009; x_wconf 83' lang='lat' dir='ltr'>Gegensatz</span> <span class='ocrx_word' id='word_1_220' title='bbox 676 1966 815 2000; x_wconf 86' lang='lat' dir='ltr'>stehen.</span> 
     </span>
    </p>

    <p class='ocr_par' dir='ltr' id='par_1_29' title="bbox 70 2010 817 2269">
     <span class='ocr_line' id='line_1_44' title="bbox 117 2010 814 2052; baseline 0.001 -9"><span class='ocrx_word' id='word_1_221' title='bbox 117 2013 194 2045; x_wconf 87' lang='grc'>215.</span> <span class='ocrx_word' id='word_1_222' title='bbox 228 2011 292 2052; x_wconf 83' lang='lat' dir='ltr'>de,</span> <span class='ocrx_word' id='word_1_223' title='bbox 317 2021 387 2045; x_wconf 83' lang='lat' dir='ltr'>von</span> <span class='ocrx_word' id='word_1_224' title='bbox 412 2010 515 2045; x_wconf 87' lang='lat' dir='ltr'>ihren</span> <span class='ocrx_word' id='word_1_225' title='bbox 540 2010 695 2045; x_wconf 86' lang='lat' dir='ltr'>Worten</span> <span class='ocrx_word' id='word_1_226' title='bbox 721 2019 814 2052; x_wconf 84' lang='lat' dir='ltr'>weg,</span> 
     </span>
     <span class='ocr_line' id='line_1_45' title="bbox 73 2054 814 2098; baseline -0.003 -8"><span class='ocrx_word' id='word_1_227' title='bbox 73 2055 200 2090; x_wconf 86' lang='lat' dir='ltr'>nimmt</span> <span class='ocrx_word' id='word_1_228' title='bbox 217 2054 417 2098; x_wconf 82' lang='lat' dir='ltr'>temporale</span> <span class='ocrx_word' id='word_1_229' title='bbox 432 2055 642 2097; x_wconf 81' lang='lat' dir='ltr'>Bedeuiung</span> <span class='ocrx_word' id='word_1_230' title='bbox 660 2065 719 2089; x_wconf 86' lang='lat' dir='ltr'>an:</span> <span class='ocrx_word' id='word_1_231' title='bbox 748 2065 814 2089; x_wconf 83' lang='lat' dir='ltr'>un-</span> 
     </span>
     <span class='ocr_line' id='line_1_46' title="bbox 74 2098 815 2139; baseline -0.003 -5"><span class='ocrx_word' id='word_1_232' title='bbox 74 2098 258 2134; x_wconf 83' lang='lat' dir='ltr'>mittelhar</span> <span class='ocrx_word' id='word_1_233' title='bbox 282 2099 373 2134; x_wconf 88' lang='lat' dir='ltr'>nach</span> <span class='ocrx_word' id='word_1_234' title='bbox 398 2099 500 2134; x_wconf 83' lang='lat' dir='ltr'>ihren</span> <span class='ocrx_word' id='word_1_235' title='bbox 521 2099 673 2134; x_wconf 76' lang='lat' dir='ltr'>Worten</span> <span class='ocrx_word' id='word_1_236' title='bbox 692 2098 815 2139; x_wconf 85' lang='lat' dir='ltr'>(briih-</span> 
     </span>
     <span class='ocr_line' id='line_1_47' title="bbox 70 2143 817 2186; baseline 0 -8"><span class='ocrx_word' id='word_1_237' title='bbox 70 2144 212 2186; x_wconf 82' lang='lat' dir='ltr'>warin).</span> <span class='ocrx_word' id='word_1_238' title='bbox 259 2144 364 2180; x_wconf 82' lang='lat' dir='ltr'>Most.</span> <span class='ocrx_word' id='word_1_239' title='bbox 396 2143 437 2178; x_wconf 86' lang='lat'>111</span> <span class='ocrx_word' id='word_1_240' title='bbox 463 2146 500 2185; x_wconf 89' lang='grc'>2,</span> <span class='ocrx_word' id='word_1_241' title='bbox 528 2146 548 2177; x_wconf 82' lang='grc'>8</span> <span class='ocrx_word' id='word_1_242' title='bbox 580 2154 657 2178; x_wconf 86' lang='lat' dir='ltr'>non</span> <span class='ocrx_word' id='word_1_243' title='bbox 682 2143 817 2178; x_wconf 82' lang='lat' dir='ltr'>bonust</span> 
     </span>
     <span class='ocr_line' id='line_1_48' title="bbox 70 2188 815 2231; baseline -0.003 -7"><span class='ocrx_word' id='word_1_244' title='bbox 70 2198 225 2224; x_wconf 84' lang='lat' dir='ltr'>somnus</span> <span class='ocrx_word' id='word_1_245' title='bbox 250 2189 294 2224; x_wconf 80' lang='lat' dir='ltr'>de</span> <span class='ocrx_word' id='word_1_246' title='bbox 315 2189 481 2231; x_wconf 75' lang='lat' dir='ltr'>prandio</span> <span class='ocrx_word' id='word_1_247' title='bbox 514 2188 587 2223; x_wconf 88' lang='lat' dir='ltr'>und</span> <span class='ocrx_word' id='word_1_248' title='bbox 613 2189 649 2222; x_wconf 90' lang='lat' dir='ltr'>in</span> <span class='ocrx_word' id='word_1_249' title='bbox 674 2188 719 2223; x_wconf 80' lang='lat' dir='ltr'>de</span> <span class='ocrx_word' id='word_1_250' title='bbox 743 2188 815 2229; x_wconf 84' lang='lat' dir='ltr'>die,</span> 
     </span>
     <span class='ocr_line' id='line_1_49' title="bbox 72 2234 759 2273; baseline -0.004 -4"><span class='ocrx_word' id='word_1_251' title='bbox 72 2234 120 2269; x_wconf 78' lang='lat' dir='ltr'>de</span> <span class='ocrx_word' id='word_1_252' title='bbox 146 2237 262 2268; x_wconf 81' lang='lat' dir='ltr'>nocte.</span> <span class='ocrx_word' id='word_1_253' title='bbox 288 2251 330 2256; x_wconf 82' lang='lat'>—</span> <span class='ocrx_word' id='word_1_254' title='bbox 355 2235 533 2273; x_wconf 72' lang='lat' dir='ltr'>insciens,</span> <span class='ocrx_word' id='word_1_255' title='bbox 560 2245 588 2267; x_wconf 87' lang='lat' dir='ltr'>s.</span> <span class='ocrx_word' id='word_1_256' title='bbox 614 2243 657 2267; x_wconf 89' lang='lat' dir='ltr'>zu</span> <span class='ocrx_word' id='word_1_257' title='bbox 686 2236 759 2267; x_wconf 86' lang='grc'>167.</span> 
     </span>
    </p>

    <p class='ocr_par' dir='ltr' id='par_1_30' title="bbox 70 2277 817 2455">
     <span class='ocr_line' id='line_1_50' title="bbox 120 2277 817 2320; baseline 0.003 -10.006"><span class='ocrx_word' id='word_1_258' title='bbox 120 2279 198 2313; x_wconf 86' lang='grc'>217.</span> <span class='ocrx_word' id='word_1_259' title='bbox 223 2278 367 2320; x_wconf 67' lang='lat' dir='ltr'>quodsi,</span> <span class='ocrx_word' id='word_1_260' title='bbox 393 2288 501 2313; x_wconf 86' lang='lat' dir='ltr'>wenn</span> <span class='ocrx_word' id='word_1_261' title='bbox 526 2277 627 2316; x_wconf 83' lang='lat' dir='ltr'>·¹bei;</span> <span class='ocrx_word' id='word_1_262' title='bbox 654 2278 743 2312; x_wconf 89' lang='lat' dir='ltr'>dazu</span> <span class='ocrx_word' id='word_1_263' title='bbox 768 2277 817 2312; x_wconf 84' lang='lat' dir='ltr'>ist</span> 
     </span>
     <span class='ocr_line' id='line_1_51' title="bbox 70 2322 814 2366; baseline -0.001 -10"><span class='ocrx_word' id='word_1_264' title='bbox 70 2322 338 2366; x_wconf 73' lang='lat' dir='ltr'>famiqeratori</span> <span class='ocrx_word' id='word_1_265' title='bbox 350 2332 413 2357; x_wconf 82' lang='lat' dir='ltr'>res</span> <span class='ocrx_word' id='word_1_266' title='bbox 431 2325 480 2358; x_wconf 86' lang='lat' dir='ltr'>sit</span> <span class='ocrx_word' id='word_1_267' title='bbox 492 2322 554 2357; x_wconf 83' lang='lat' dir='ltr'>das</span> <span class='ocrx_word' id='word_1_268' title='bbox 564 2322 694 2357; x_wconf 84' lang='lat' dir='ltr'>zweite</span> <span class='ocrx_word' id='word_1_269' title='bbox 708 2332 814 2364; x_wconf 83' lang='lat' dir='ltr'>asyn-</span> 
     </span>
     <span class='ocr_line' id='line_1_52' title="bbox 73 2365 815 2410; baseline -0.001 -9"><span class='ocrx_word' id='word_1_270' title='bbox 73 2366 213 2402; x_wconf 79' lang='lat' dir='ltr'>detisch</span> <span class='ocrx_word' id='word_1_271' title='bbox 244 2366 550 2410; x_wconf 82' lang='lat' dir='ltr'>angeschlossene</span> <span class='ocrx_word' id='word_1_272' title='bbox 583 2366 701 2406; x_wconf 87' lang='lat' dir='ltr'>Glied,</span> <span class='ocrx_word' id='word_1_273' title='bbox 735 2365 815 2400; x_wconf 87' lang='lat' dir='ltr'>dem</span> 
     </span>
     <span class='ocr_line' id='line_1_53' title="bbox 72 2411 815 2455; baseline 0.001 -11"><span class='ocrx_word' id='word_1_274' title='bbox 72 2411 273 2447; x_wconf 86' lang='lat' dir='ltr'>wiederum</span> <span class='ocrx_word' id='word_1_275' title='bbox 309 2413 385 2447; x_wconf 83' lang='lat' dir='ltr'>nisi</span> <span class='ocrx_word' id='word_1_276' title='bbox 408 2413 447 2447; x_wconf 74' lang='lat' dir='ltr'>id</span> <span class='ocrx_word' id='word_1_277' title='bbox 470 2416 656 2455; x_wconf 78' lang='lat' dir='ltr'>appareat</span> <span class='ocrx_word' id='word_1_278' title='bbox 691 2416 815 2446; x_wconf 80' lang='lat' dir='ltr'>unter-</span> 
     </span>
    </p>

    <p class='ocr_par' dir='ltr' id='par_1_31' title="bbox 72 2455 823 2809">
     <span class='ocr_line' id='line_1_54' title="bbox 76 2455 815 2499; baseline 0 -10"><span class='ocrx_word' id='word_1_279' title='bbox 76 2455 255 2496; x_wconf 83' lang='lat' dir='ltr'>geordnet</span> <span class='ocrx_word' id='word_1_280' title='bbox 279 2456 344 2494; x_wconf 84' lang='lat' dir='ltr'>ist;</span> <span class='ocrx_word' id='word_1_281' title='bbox 372 2463 445 2491; x_wconf 87' lang='lat' dir='ltr'>erst</span> <span class='ocrx_word' id='word_1_282' title='bbox 469 2456 615 2499; x_wconf 73' lang='lat' dir='ltr'>publico</span> <span class='ocrx_word' id='word_1_283' title='bbox 637 2457 704 2499; x_wconf 76' lang='lat' dir='ltr'>fiat</span> <span class='ocrx_word' id='word_1_284' title='bbox 722 2456 815 2490; x_wconf 85' lang='lat' dir='ltr'>bono</span> 
     </span>
     <span class='ocr_line' id='line_1_55' title="bbox 72 2498 814 2555; baseline 0.001 -22"><span class='ocrx_word' id='word_1_285' title='bbox 72 2498 188 2533; x_wconf 80' lang='lat' dir='ltr'>hildet</span> <span class='ocrx_word' id='word_1_286' title='bbox 213 2499 269 2534; x_wconf 87' lang='lat' dir='ltr'>die</span> <span class='ocrx_word' id='word_1_287' title='bbox 294 2500 488 2555; x_wconf 87' lang='lat' dir='ltr'>Apodosis‚</span> <span class='ocrx_word' id='word_1_288' title='bbox 514 2501 579 2535; x_wconf 85' lang='lat' dir='ltr'>der</span> <span class='ocrx_word' id='word_1_289' title='bbox 597 2501 715 2535; x_wconf 87' lang='lat' dir='ltr'>diese1</span> <span class='ocrx_word' id='word_1_290' title='bbox 732 2511 814 2535; x_wconf 87' lang='lat' dir='ltr'>vor-</span> 
     </span>
     <span class='ocr_line' id='line_1_56' title="bbox 72 2543 817 2587; baseline 0 -9"><span class='ocrx_word' id='word_1_291' title='bbox 72 2543 308 2585; x_wconf 80' lang='lat' dir='ltr'>hergehende</span> <span class='ocrx_word' id='word_1_292' title='bbox 348 2544 428 2579; x_wconf 86' lang='lat' dir='ltr'>Satz</span> <span class='ocrx_word' id='word_1_293' title='bbox 475 2546 545 2581; x_wconf 77' lang='lat' dir='ltr'>hoc</span> <span class='ocrx_word' id='word_1_294' title='bbox 583 2546 638 2580; x_wconf 74' lang='lat' dir='ltr'>ita</span> <span class='ocrx_word' id='word_1_295' title='bbox 679 2547 714 2580; x_wconf 78' lang='lat' dir='ltr'>si</span> <span class='ocrx_word' id='word_1_296' title='bbox 749 2545 817 2587; x_wconf 79' lang='lat' dir='ltr'>fiat</span> 
     </span>
     <span class='ocr_line' id='line_1_57' title="bbox 72 2587 816 2633; baseline 0 -11"><span class='ocrx_word' id='word_1_297' title='bbox 72 2587 166 2622; x_wconf 77' lang='lat' dir='ltr'>fasst</span> <span class='ocrx_word' id='word_1_298' title='bbox 203 2587 307 2623; x_wconf 81' lang='lat' dir='ltr'>heide</span> <span class='ocrx_word' id='word_1_299' title='bbox 342 2587 716 2633; x_wconf 82' lang='lat' dir='ltr'>Bedingungsglieder</span> <span class='ocrx_word' id='word_1_300' title='bbox 752 2589 816 2623; x_wconf 86' lang='lat' dir='ltr'>mit</span> 
     </span>
     <span class='ocr_line' id='line_1_58' title="bbox 72 2631 817 2675; baseline 0 -8"><span class='ocrx_word' id='word_1_301' title='bbox 72 2632 176 2667; x_wconf 85' lang='lat' dir='ltr'>ihren</span> <span class='ocrx_word' id='word_1_302' title='bbox 202 2631 389 2667; x_wconf 74' lang='lat' dir='ltr'>Beisatzen</span> <span class='ocrx_word' id='word_1_303' title='bbox 415 2645 707 2675; x_wconf 83' lang='lat' dir='ltr'>zusa1nmen,su</span> <span class='ocrx_word' id='word_1_304' title='bbox 734 2633 817 2669; x_wconf 83' lang='lat' dir='ltr'>dass</span> 
     </span>
     <span class='ocr_line' id='line_1_59' title="bbox 73 2675 818 2714; baseline 0.001 -3"><span class='ocrx_word' id='word_1_305' title='bbox 73 2687 147 2712; x_wconf 91' lang='lat' dir='ltr'>nun</span> <span class='ocrx_word' id='word_1_306' title='bbox 181 2675 275 2711; x_wconf 85' lang='lat' dir='ltr'>heim</span> <span class='ocrx_word' id='word_1_307' title='bbox 302 2675 503 2713; x_wconf 86' lang='lat' dir='ltr'>Abschluss</span> <span class='ocrx_word' id='word_1_308' title='bbox 534 2679 625 2714; x_wconf 87' lang='lat' dir='ltr'>auch</span> <span class='ocrx_word' id='word_1_309' title='bbox 654 2679 710 2713; x_wconf 87' lang='lat' dir='ltr'>ein</span> <span class='ocrx_word' id='word_1_310' title='bbox 736 2682 818 2713; x_wconf 73' lang='lat' dir='ltr'>aus-</span> 
     </span>
     <span class='ocr_line' id='line_1_60' title="bbox 75 2720 823 2765; baseline 0.001 -10"><span class='ocrx_word' id='word_1_311' title='bbox 75 2731 176 2756; x_wconf 86' lang='lat' dir='ltr'>seres</span> <span class='ocrx_word' id='word_1_312' title='bbox 192 2720 386 2756; x_wconf 78' lang='lat' dir='ltr'>Ebenmass</span> <span class='ocrx_word' id='word_1_313' title='bbox 411 2722 592 2758; x_wconf 87' lang='lat' dir='ltr'>zwischen</span> <span class='ocrx_word' id='word_1_314' title='bbox 610 2722 823 2765; x_wconf 79' lang='lat' dir='ltr'>Bedingung</span> 
     </span>
     <span class='ocr_line' id='line_1_61' title="bbox 74 2764 821 2809; baseline 0 -9"><span class='ocrx_word' id='word_1_315' title='bbox 74 2764 148 2800; x_wconf 90' lang='lat' dir='ltr'>und</span> <span class='ocrx_word' id='word_1_316' title='bbox 172 2764 284 2808; x_wconf 79' lang='lat' dir='ltr'>Folge</span> <span class='ocrx_word' id='word_1_317' title='bbox 324 2765 560 2808; x_wconf 79' lang='lat' dir='ltr'>hervortritt,</span> <span class='ocrx_word' id='word_1_318' title='bbox 602 2767 671 2809; x_wconf 83' lang='lat' dir='ltr'>vgl.</span> <span class='ocrx_word' id='word_1_319' title='bbox 712 2770 754 2801; x_wconf 83' lang='lat'>83</span> <span class='ocrx_word' id='word_1_320' title='bbox 787 2768 821 2801; x_wconf 80' lang='lat' dir='ltr'>ff.</span> 
     </span>
    </p>
   </div>
   <div class='ocr_carea' id='block_1_26' title="bbox 142 2826 527 2853">
    <p class='ocr_par' dir='ltr' id='par_1_32' title="bbox 142 2826 527 2853">
     <span class='ocr_line' id='line_1_62' title="bbox 142 2826 527 2853; baseline 0.005 -2"><span class='ocrx_word' id='word_1_321' title='bbox 142 2826 255 2852; x_wconf 64' lang='lat' dir='ltr'>Pmur.</span> <span class='ocrx_word' id='word_1_322' title='bbox 279 2827 365 2852; x_wconf 71' lang='lat' dir='ltr'>me.</span> <span class='ocrx_word' id='word_1_323' title='bbox 419 2827 527 2853; x_wconf 84' lang='lat' dir='ltr'>.Aufi.</span> 
     </span>
    </p>
   </div>
   <div class='ocr_carea' id='block_1_27' title="bbox 881 1296 1631 2812">
    <p class='ocr_par' dir='ltr' id='par_1_33' title="bbox 885 1296 1628 1384">
     <span class='ocr_line' id='line_1_63' title="bbox 885 1296 1628 1337; baseline 0.004 -8"><span class='ocrx_word' id='word_1_324' title='bbox 885 1298 950 1330; x_wconf 79' lang='lat'>468</span> <span class='ocrx_word' id='word_1_325' title='bbox 969 1296 1002 1332; x_wconf 84' lang='lat' dir='ltr'>ff.</span> <span class='ocrx_word' id='word_1_326' title='bbox 1029 1315 1071 1320; x_wconf 93' lang='lat'>——</span> <span class='ocrx_word' id='word_1_327' title='bbox 1096 1297 1320 1337; x_wconf 79' lang='lat' dir='ltr'>auctoritas,</span> <span class='ocrx_word' id='word_1_328' title='bbox 1335 1296 1628 1337; x_wconf 79' lang='lat' dir='ltr'>Urheberschast,</span> 
     </span>
     <span class='ocr_line' id='line_1_64' title="bbox 888 1340 1347 1384; baseline 0.002 -8"><span class='ocrx_word' id='word_1_329' title='bbox 888 1341 1182 1381; x_wconf 76' lang='lat' dir='ltr'>Gewahrsmann,</span> <span class='ocrx_word' id='word_1_330' title='bbox 1210 1340 1347 1384; x_wconf 84' lang='lat' dir='ltr'>Quelle.</span> 
     </span>
    </p>

    <p class='ocr_par' dir='ltr' id='par_1_34' title="bbox 881 1387 1631 1919">
     <span class='ocr_line' id='line_1_65' title="bbox 932 1387 1628 1430; baseline 0.006 -12"><span class='ocrx_word' id='word_1_331' title='bbox 932 1387 1008 1418; x_wconf 85' lang='grc'>218.</span> <span class='ocrx_word' id='word_1_332' title='bbox 1040 1387 1139 1421; x_wconf 78' lang='lat' dir='ltr'>unde</span> <span class='ocrx_word' id='word_1_333' title='bbox 1170 1401 1214 1413; x_wconf 97' lang='lat'>=</span> <span class='ocrx_word' id='word_1_334' title='bbox 1245 1396 1296 1422; x_wconf 77' lang='lat' dir='ltr'>ex</span> <span class='ocrx_word' id='word_1_335' title='bbox 1320 1399 1394 1430; x_wconf 79' lang='lat' dir='ltr'>qua</span> <span class='ocrx_word' id='word_1_336' title='bbox 1425 1398 1496 1423; x_wconf 88' lang='lat' dir='ltr'>von</span> <span class='ocrx_word' id='word_1_337' title='bbox 1522 1387 1628 1422; x_wconf 78' lang='lat' dir='ltr'>audi-</span> 
     </span>
     <span class='ocr_line' id='line_1_66' title="bbox 886 1430 1631 1474; baseline 0.003 -9"><span class='ocrx_word' id='word_1_338' title='bbox 886 1433 962 1466; x_wconf 81' lang='lat' dir='ltr'>tum</span> <span class='ocrx_word' id='word_1_339' title='bbox 988 1430 1178 1474; x_wconf 78' lang='lat' dir='ltr'>abhangig,</span> <span class='ocrx_word' id='word_1_340' title='bbox 1198 1430 1318 1466; x_wconf 88' lang='lat' dir='ltr'>wobei</span> <span class='ocrx_word' id='word_1_341' title='bbox 1337 1432 1401 1467; x_wconf 88' lang='lat' dir='ltr'>der</span> <span class='ocrx_word' id='word_1_342' title='bbox 1418 1431 1556 1474; x_wconf 80' lang='lat' dir='ltr'>Begriff</span> <span class='ocrx_word' id='word_1_343' title='bbox 1568 1431 1631 1467; x_wconf 90' lang='lat' dir='ltr'>der</span> 
     </span>
     <span class='ocr_line' id='line_1_67' title="bbox 886 1475 1628 1512; baseline 0.001 -2"><span class='ocrx_word' id='word_1_344' title='bbox 886 1481 994 1510; x_wconf 86' lang='lat' dir='ltr'>unter</span> <span class='ocrx_word' id='word_1_345' title='bbox 1018 1477 1228 1511; x_wconf 73' lang='lat' dir='ltr'>auctoritas</span> <span class='ocrx_word' id='word_1_346' title='bbox 1254 1487 1298 1511; x_wconf 91' lang='lat' dir='ltr'>zu</span> <span class='ocrx_word' id='word_1_347' title='bbox 1316 1476 1529 1512; x_wconf 81' lang='lat' dir='ltr'>denkenden</span> <span class='ocrx_word' id='word_1_348' title='bbox 1542 1475 1628 1512; x_wconf 88' lang='lat' dir='ltr'>Per-</span> 
     </span>
     <span class='ocr_line' id='line_1_68' title="bbox 886 1519 1628 1561; baseline 0.003 -7"><span class='ocrx_word' id='word_1_349' title='bbox 886 1530 953 1555; x_wconf 87' lang='lat' dir='ltr'>son</span> <span class='ocrx_word' id='word_1_350' title='bbox 978 1519 1327 1561; x_wconf 85' lang='lat' dir='ltr'>durchschimmert;</span> <span class='ocrx_word' id='word_1_351' title='bbox 1354 1521 1446 1556; x_wconf 80' lang='lat' dir='ltr'>iiber</span> <span class='ocrx_word' id='word_1_352' title='bbox 1463 1521 1522 1556; x_wconf 85' lang='lat' dir='ltr'>die</span> <span class='ocrx_word' id='word_1_353' title='bbox 1540 1520 1628 1556; x_wconf 84' lang='lat' dir='ltr'>Ver-</span> 
     </span>
     <span class='ocr_line' id='line_1_69' title="bbox 885 1564 1628 1608; baseline 0.001 -10"><span class='ocrx_word' id='word_1_354' title='bbox 885 1564 1052 1608; x_wconf 81' lang='lat' dir='ltr'>ki&#39;irzung</span> <span class='ocrx_word' id='word_1_355' title='bbox 1091 1564 1156 1600; x_wconf 89' lang='lat' dir='ltr'>der</span> <span class='ocrx_word' id='word_1_356' title='bbox 1196 1571 1318 1601; x_wconf 87' lang='lat' dir='ltr'>ersten</span> <span class='ocrx_word' id='word_1_357' title='bbox 1350 1565 1449 1601; x_wconf 87' lang='lat' dir='ltr'>Silbe</span> <span class='ocrx_word' id='word_1_358' title='bbox 1478 1576 1505 1600; x_wconf 86' lang='lat' dir='ltr'>s.</span> <span class='ocrx_word' id='word_1_359' title='bbox 1536 1564 1628 1600; x_wconf 90' lang='lat' dir='ltr'>Einl.</span> 
     </span>
     <span class='ocr_line' id='line_1_70' title="bbox 886 1608 1630 1653; baseline 0.004 -10"><span class='ocrx_word' id='word_1_360' title='bbox 886 1608 919 1644; x_wconf 86' lang='lat' dir='ltr'>S.</span> <span class='ocrx_word' id='word_1_361' title='bbox 948 1612 999 1642; x_wconf 85' lang='grc'>17.</span> <span class='ocrx_word' id='word_1_362' title='bbox 1026 1628 1068 1632; x_wconf 94' lang='grc'>-</span> <span class='ocrx_word' id='word_1_363' title='bbox 1096 1610 1270 1653; x_wconf 78' lang='lat' dir='ltr'>quidque,</span> <span class='ocrx_word' id='word_1_364' title='bbox 1309 1610 1409 1646; x_wconf 89' lang='lat' dir='ltr'>nicht</span> <span class='ocrx_word' id='word_1_365' title='bbox 1439 1610 1543 1653; x_wconf 80' lang='lat' dir='ltr'>quid,</span> <span class='ocrx_word' id='word_1_366' title='bbox 1583 1611 1630 1646; x_wconf 87' lang='lat' dir='ltr'>ist</span> 
     </span>
     <span class='ocr_line' id='line_1_71' title="bbox 885 1653 1627 1694; baseline 0.004 -7"><span class='ocrx_word' id='word_1_367' title='bbox 885 1654 932 1688; x_wconf 88' lang='lat' dir='ltr'>im</span> <span class='ocrx_word' id='word_1_368' title='bbox 968 1653 1042 1688; x_wconf 87' lang='lat' dir='ltr'>Lat.</span> <span class='ocrx_word' id='word_1_369' title='bbox 1080 1654 1226 1694; x_wconf 80' lang='lat' dir='ltr'>iiblieh,</span> <span class='ocrx_word' id='word_1_370' title='bbox 1265 1665 1373 1690; x_wconf 86' lang='lat' dir='ltr'>wenn</span> <span class='ocrx_word' id='word_1_371' title='bbox 1410 1655 1472 1690; x_wconf 90' lang='lat' dir='ltr'>das</span> <span class='ocrx_word' id='word_1_372' title='bbox 1508 1653 1627 1690; x_wconf 82' lang='lat' dir='ltr'>Etwas</span> 
     </span>
     <span class='ocr_line' id='line_1_72' title="bbox 882 1697 1630 1741; baseline 0.001 -9"><span class='ocrx_word' id='word_1_373' title='bbox 882 1697 1059 1741; x_wconf 86' lang='lat' dir='ltr'>jedesmal</span> <span class='ocrx_word' id='word_1_374' title='bbox 1095 1698 1152 1733; x_wconf 89' lang='lat' dir='ltr'>ein</span> <span class='ocrx_word' id='word_1_375' title='bbox 1192 1698 1342 1735; x_wconf 83' lang='lat' dir='ltr'>anderes</span> <span class='ocrx_word' id='word_1_376' title='bbox 1368 1699 1427 1740; x_wconf 84' lang='lat' dir='ltr'>ist,</span> <span class='ocrx_word' id='word_1_377' title='bbox 1465 1699 1568 1735; x_wconf 85' lang='lat' dir='ltr'>Truc.</span> <span class='ocrx_word' id='word_1_378' title='bbox 1602 1698 1630 1733; x_wconf 87' lang='lat'>11</span> 
     </span>
     <span class='ocr_line' id='line_1_73' title="bbox 887 1743 1631 1786; baseline 0.007 -12"><span class='ocrx_word' id='word_1_379' title='bbox 887 1748 914 1782; x_wconf 86' lang='lat'>1,</span> <span class='ocrx_word' id='word_1_380' title='bbox 941 1746 984 1775; x_wconf 81' lang='lat'>40</span> <span class='ocrx_word' id='word_1_381' title='bbox 1009 1743 1271 1786; x_wconf 70' lang='lat' dir='ltr'>ubiquumque</span> <span class='ocrx_word' id='word_1_382' title='bbox 1288 1748 1509 1779; x_wconf 85' lang='lat' dir='ltr'>nostrarum</span> <span class='ocrx_word' id='word_1_383' title='bbox 1533 1744 1631 1779; x_wconf 79' lang='lat' dir='ltr'>videt</span> 
     </span>
     <span class='ocr_line' id='line_1_74' title="bbox 881 1787 1628 1831; baseline 0.004 -10"><span class='ocrx_word' id='word_1_384' title='bbox 881 1797 1001 1830; x_wconf 76' lang='lat' dir='ltr'>prope</span> <span class='ocrx_word' id='word_1_385' title='bbox 1032 1788 1151 1823; x_wconf 80' lang='lat' dir='ltr'>aedis.</span> <span class='ocrx_word' id='word_1_386' title='bbox 1198 1787 1333 1823; x_wconf 88' lang='lat' dir='ltr'>Ennius</span> <span class='ocrx_word' id='word_1_387' title='bbox 1359 1788 1506 1831; x_wconf 83' lang='lat' dir='ltr'>Thyest.</span> <span class='ocrx_word' id='word_1_388' title='bbox 1537 1788 1628 1831; x_wconf 78' lang='lat' dir='ltr'>frag.</span> 
     </span>
     <span class='ocr_line' id='line_1_75' title="bbox 887 1833 1628 1876; baseline 0.007 -12"><span class='ocrx_word' id='word_1_389' title='bbox 887 1835 927 1864; x_wconf 87' lang='lat'>10</span> <span class='ocrx_word' id='word_1_390' title='bbox 958 1842 1064 1874; x_wconf 77' lang='lat' dir='ltr'>quem</span> <span class='ocrx_word' id='word_1_391' title='bbox 1089 1833 1244 1876; x_wconf 78' lang='lat' dir='ltr'>quisque</span> <span class='ocrx_word' id='word_1_392' title='bbox 1275 1833 1353 1869; x_wconf 79' lang='lat' dir='ltr'>odit</span> <span class='ocrx_word' id='word_1_393' title='bbox 1371 1834 1536 1876; x_wconf 77' lang='lat' dir='ltr'>periisse</span> <span class='ocrx_word' id='word_1_394' title='bbox 1561 1843 1628 1868; x_wconf 80' lang='lat' dir='ltr'>ex-</span> 
     </span>
     <span class='ocr_line' id='line_1_76' title="bbox 882 1878 983 1919; baseline 0.04 -12"><span class='ocrx_word' id='word_1_395' title='bbox 882 1878 983 1919; x_wconf 75' lang='lat' dir='ltr'>petit.</span> 
     </span>
    </p>

    <p class='ocr_par' dir='ltr' id='par_1_35' title="bbox 884 1921 1631 2188">
     <span class='ocr_line' id='line_1_77' title="bbox 930 1921 1629 1964; baseline 0.004 -10"><span class='ocrx_word' id='word_1_396' title='bbox 930 1924 1004 1956; x_wconf 84' lang='grc'>219.</span> <span class='ocrx_word' id='word_1_397' title='bbox 1023 1922 1212 1964; x_wconf 67' lang='lat' dir='ltr'>ammaum,</span> <span class='ocrx_word' id='word_1_398' title='bbox 1237 1921 1394 1962; x_wconf 87' lang='lat' dir='ltr'>Verlust‚</span> <span class='ocrx_word' id='word_1_399' title='bbox 1414 1921 1629 1958; x_wconf 86' lang='lat' dir='ltr'>Geldstrafe.</span> 
     </span>
     <span class='ocr_line' id='line_1_78' title="bbox 886 1965 1628 2003; baseline 0.003 -4"><span class='ocrx_word' id='word_1_400' title='bbox 886 1965 945 2000; x_wconf 72' lang='lat' dir='ltr'>i²ie</span> <span class='ocrx_word' id='word_1_401' title='bbox 982 1965 1182 2002; x_wconf 80' lang='lat' dir='ltr'>Redensart</span> <span class='ocrx_word' id='word_1_402' title='bbox 1221 1977 1285 2003; x_wconf 83' lang='lat' dir='ltr'>res</span> <span class='ocrx_word' id='word_1_403' title='bbox 1320 1967 1411 2002; x_wconf 77' lang='lat' dir='ltr'>mihi</span> <span class='ocrx_word' id='word_1_404' title='bbox 1447 1971 1502 2002; x_wconf 80' lang='lat' dir='ltr'>est</span> <span class='ocrx_word' id='word_1_405' title='bbox 1545 1977 1628 2002; x_wconf 83' lang='lat' dir='ltr'>cum</span> 
     </span>
     <span class='ocr_line' id='line_1_79' title="bbox 884 2010 1631 2053; baseline 0.004 -9"><span class='ocrx_word' id='word_1_406' title='bbox 884 2011 957 2053; x_wconf 75' lang='lat' dir='ltr'>aliq</span> <span class='ocrx_word' id='word_1_407' title='bbox 962 2022 1007 2045; x_wconf 86' lang='lat' dir='ltr'>uo</span> <span class='ocrx_word' id='word_1_408' title='bbox 1039 2010 1111 2046; x_wconf 88' lang='lat' dir='ltr'>ich</span> <span class='ocrx_word' id='word_1_409' title='bbox 1143 2010 1235 2047; x_wconf 83' lang='lat' dir='ltr'>habe</span> <span class='ocrx_word' id='word_1_410' title='bbox 1264 2011 1329 2046; x_wconf 89' lang='lat' dir='ltr'>mit</span> <span class='ocrx_word' id='word_1_411' title='bbox 1358 2011 1554 2047; x_wconf 87' lang='lat' dir='ltr'>Jemanden</span> <span class='ocrx_word' id='word_1_412' title='bbox 1586 2022 1631 2047; x_wconf 90' lang='lat' dir='ltr'>zu</span> 
     </span>
     <span class='ocr_line' id='line_1_80' title="bbox 884 2054 1629 2100; baseline 0.001 -10"><span class='ocrx_word' id='word_1_413' title='bbox 884 2056 990 2090; x_wconf 83' lang='lat' dir='ltr'>thun’</span> <span class='ocrx_word' id='word_1_414' title='bbox 1017 2054 1195 2098; x_wconf 77' lang='lat' dir='ltr'>sibertrug</span> <span class='ocrx_word' id='word_1_415' title='bbox 1218 2055 1276 2091; x_wconf 77' lang='lat' dir='ltr'>(lie</span> <span class='ocrx_word' id='word_1_416' title='bbox 1292 2055 1629 2100; x_wconf 77' lang='lat' dir='ltr'>Umgangssp1aehe</span> 
     </span>
     <span class='ocr_line' id='line_1_81' title="bbox 886 2099 1628 2144; baseline 0 -9"><span class='ocrx_word' id='word_1_417' title='bbox 886 2100 977 2135; x_wconf 85' lang='lat' dir='ltr'>auch</span> <span class='ocrx_word' id='word_1_418' title='bbox 1009 2099 1073 2134; x_wconf 78' lang='lat' dir='ltr'>aui</span> <span class='ocrx_word' id='word_1_419' title='bbox 1096 2099 1247 2142; x_wconf 86' lang='lat' dir='ltr'>Sachen,</span> <span class='ocrx_word' id='word_1_420' title='bbox 1279 2099 1466 2137; x_wconf 86' lang='lat' dir='ltr'>dieselben</span> <span class='ocrx_word' id='word_1_421' title='bbox 1490 2099 1628 2144; x_wconf 83' lang='lat' dir='ltr'>gleich-</span> 
     </span>
     <span class='ocr_line' id='line_1_82' title="bbox 886 2144 1299 2188; baseline 0.003 -9"><span class='ocrx_word' id='word_1_422' title='bbox 886 2155 959 2179; x_wconf 83' lang='lat' dir='ltr'>sam</span> <span class='ocrx_word' id='word_1_423' title='bbox 986 2144 1299 2188; x_wconf 86' lang='lat' dir='ltr'>personificirend.</span> 
     </span>
    </p>

    <p class='ocr_par' dir='ltr' id='par_1_36' title="bbox 884 2188 1628 2545">
     <span class='ocr_line' id='line_1_83' title="bbox 930 2188 1623 2232; baseline 0.003 -10"><span class='ocrx_word' id='word_1_424' title='bbox 930 2191 1006 2224; x_wconf 84' lang='grc'>220.</span> <span class='ocrx_word' id='word_1_425' title='bbox 1042 2188 1128 2224; x_wconf 90' lang='lat' dir='ltr'>Zum</span> <span class='ocrx_word' id='word_1_426' title='bbox 1161 2189 1305 2225; x_wconf 85' lang='lat' dir='ltr'>Gedank</span> <span class='ocrx_word' id='word_1_427' title='bbox 1310 2200 1352 2225; x_wconf 91' lang='lat' dir='ltr'>en</span> <span class='ocrx_word' id='word_1_428' title='bbox 1389 2189 1460 2232; x_wconf 82' lang='lat' dir='ltr'>vgl.</span> <span class='ocrx_word' id='word_1_429' title='bbox 1491 2188 1623 2225; x_wconf 79' lang='lat' dir='ltr'>Pseud.</span> 
     </span>
     <span class='ocr_line' id='line_1_84' title="bbox 885 2232 1628 2277; baseline 0.004 -11"><span class='ocrx_word' id='word_1_430' title='bbox 885 2232 898 2267; x_wconf 92' lang='grc' dir='ltr'>Ι</span> <span class='ocrx_word' id='word_1_431' title='bbox 924 2235 1034 2273; x_wconf 88' lang='grc'>5,12</span> <span class='ocrx_word' id='word_1_432' title='bbox 1067 2233 1249 2270; x_wconf 81' lang='lat' dir='ltr'>Homines</span> <span class='ocrx_word' id='word_1_433' title='bbox 1279 2236 1344 2277; x_wconf 82' lang='lat' dir='ltr'>qui</span> <span class='ocrx_word' id='word_1_434' title='bbox 1370 2238 1518 2277; x_wconf 72' lang='lat' dir='ltr'>„aestant</span> <span class='ocrx_word' id='word_1_435' title='bbox 1549 2245 1628 2277; x_wconf 75' lang='lat' dir='ltr'>qut-</span> 
     </span>
     <span class='ocr_line' id='line_1_85' title="bbox 885 2279 1629 2321; baseline 0 -7"><span class='ocrx_word' id='word_1_436' title='bbox 885 2287 954 2321; x_wconf 79' lang='lat' dir='ltr'>que</span> <span class='ocrx_word' id='word_1_437' title='bbox 980 2279 1198 2314; x_wconf 80' lang='lat' dir='ltr'>auscultant</span> <span class='ocrx_word' id='word_1_438' title='bbox 1222 2280 1393 2319; x_wconf 64' lang='lat' dir='ltr'>erumna,</span> <span class='ocrx_word' id='word_1_439' title='bbox 1420 2280 1455 2314; x_wconf 84' lang='lat' dir='ltr'>si</span> <span class='ocrx_word' id='word_1_440' title='bbox 1467 2288 1545 2314; x_wconf 82' lang='lat' dir='ltr'>meo</span> <span class='ocrx_word' id='word_1_441' title='bbox 1564 2290 1629 2314; x_wconf 90' lang='lat' dir='ltr'>ar-</span> 
     </span>
     <span class='ocr_line' id='line_1_86' title="bbox 885 2323 1628 2366; baseline 0.003 -9"><span class='ocrx_word' id='word_1_442' title='bbox 885 2323 1025 2358; x_wconf 82' lang='lat' dir='ltr'>bitratu</span> <span class='ocrx_word' id='word_1_443' title='bbox 1049 2323 1171 2363; x_wconf 80' lang='lat' dir='ltr'>liceat,</span> <span class='ocrx_word' id='word_1_444' title='bbox 1197 2334 1325 2359; x_wconf 84' lang='lat' dir='ltr'>omnes</span> <span class='ocrx_word' id='word_1_445' title='bbox 1348 2324 1550 2366; x_wconf 81' lang='lat' dir='ltr'>pendeant,</span> <span class='ocrx_word' id='word_1_446' title='bbox 1568 2334 1628 2366; x_wconf 73' lang='lat' dir='ltr'>qe-</span> 
     </span>
     <span class='ocr_line' id='line_1_87' title="bbox 884 2368 1628 2411; baseline 0.001 -9"><span class='ocrx_word' id='word_1_447' title='bbox 884 2372 1008 2403; x_wconf 83' lang='lat' dir='ltr'>stores</span> <span class='ocrx_word' id='word_1_448' title='bbox 1037 2368 1191 2411; x_wconf 72' lang='lat' dir='ltr'>linquis,</span> <span class='ocrx_word' id='word_1_449' title='bbox 1224 2369 1419 2404; x_wconf 74' lang='lat' dir='ltr'>auditores</span> <span class='ocrx_word' id='word_1_450' title='bbox 1457 2368 1628 2404; x_wconf 79' lang='lat' dir='ltr'>auribus.</span> 
     </span>
     <span class='ocr_line' id='line_1_88' title="bbox 885 2412 1628 2456; baseline 0 -9"><span class='ocrx_word' id='word_1_451' title='bbox 885 2430 926 2436; x_wconf 87' lang='lat'>—</span> <span class='ocrx_word' id='word_1_452' title='bbox 951 2412 1099 2455; x_wconf 75' lang='lat' dir='ltr'>publico</span> <span class='ocrx_word' id='word_1_453' title='bbox 1124 2413 1230 2454; x_wconf 87' lang='lat' dir='ltr'>bono,</span> <span class='ocrx_word' id='word_1_454' title='bbox 1256 2412 1325 2448; x_wconf 87' lang='lat' dir='ltr'>abl.</span> <span class='ocrx_word' id='word_1_455' title='bbox 1351 2412 1447 2448; x_wconf 89' lang='lat' dir='ltr'>mod.</span> <span class='ocrx_word' id='word_1_456' title='bbox 1467 2412 1566 2456; x_wconf 85' lang='lat' dir='ltr'>Capt.</span> <span class='ocrx_word' id='word_1_457' title='bbox 1586 2412 1628 2447; x_wconf 87' lang='lat'>111</span> 
     </span>
     <span class='ocr_line' id='line_1_89' title="bbox 885 2457 1626 2500; baseline 0.001 -10"><span class='ocrx_word' id='word_1_458' title='bbox 885 2461 918 2499; x_wconf 83' lang='grc'>2,</span> <span class='ocrx_word' id='word_1_459' title='bbox 937 2460 957 2490; x_wconf 85' lang='grc'>2</span> <span class='ocrx_word' id='word_1_460' title='bbox 983 2457 1074 2493; x_wconf 81' lang='lat' dir='ltr'>bene</span> <span class='ocrx_word' id='word_1_461' title='bbox 1099 2467 1178 2492; x_wconf 86' lang='lat' dir='ltr'>rem</span> <span class='ocrx_word' id='word_1_462' title='bbox 1202 2467 1335 2500; x_wconf 74' lang='lat' dir='ltr'>qerere</span> <span class='ocrx_word' id='word_1_463' title='bbox 1360 2457 1453 2493; x_wconf 89' lang='lat' dir='ltr'>bono</span> <span class='ocrx_word' id='word_1_464' title='bbox 1469 2457 1626 2500; x_wconf 80' lang='lat' dir='ltr'>publico.</span> 
     </span>
     <span class='ocr_line' id='line_1_90' title="bbox 885 2501 1558 2545; baseline -0.007 -7"><span class='ocrx_word' id='word_1_465' title='bbox 885 2501 1001 2538; x_wconf 88' lang='lat' dir='ltr'>Ueber</span> <span class='ocrx_word' id='word_1_466' title='bbox 1026 2502 1087 2537; x_wconf 86' lang='lat' dir='ltr'>das</span> <span class='ocrx_word' id='word_1_467' title='bbox 1115 2501 1333 2545; x_wconf 75' lang='lat' dir='ltr'>Satzgesfige</span> <span class='ocrx_word' id='word_1_468' title='bbox 1359 2513 1387 2538; x_wconf 80' lang='lat' dir='ltr'>s,</span> <span class='ocrx_word' id='word_1_469' title='bbox 1412 2513 1456 2537; x_wconf 89' lang='lat' dir='ltr'>zu</span> <span class='ocrx_word' id='word_1_470' title='bbox 1481 2504 1558 2534; x_wconf 74' lang='lat'>474.</span> 
     </span>
    </p>

    <p class='ocr_par' dir='ltr' id='par_1_37' title="bbox 889 2545 1628 2812">
     <span class='ocr_line' id='line_1_91' title="bbox 930 2545 1626 2590; baseline 0 -11"><span class='ocrx_word' id='word_1_471' title='bbox 930 2549 993 2579; x_wconf 89' lang='grc'>221</span> <span class='ocrx_word' id='word_1_472' title='bbox 1004 2545 1028 2581; x_wconf 85' lang='lat' dir='ltr'>f.</span> <span class='ocrx_word' id='word_1_473' title='bbox 1048 2546 1226 2590; x_wconf 83' lang='lat' dir='ltr'>Specielle</span> <span class='ocrx_word' id='word_1_474' title='bbox 1236 2545 1381 2590; x_wconf 85' lang='lat' dir='ltr'>Angabe</span> <span class='ocrx_word' id='word_1_475' title='bbox 1399 2546 1626 2585; x_wconf 82' lang='lat' dir='ltr'>dessen,was</span> 
     </span>
     <span class='ocr_line' id='line_1_92' title="bbox 889 2590 1626 2632; baseline 0 -7"><span class='ocrx_word' id='word_1_476' title='bbox 889 2591 950 2626; x_wconf 80' lang='lat' dir='ltr'>das</span> <span class='ocrx_word' id='word_1_477' title='bbox 989 2590 1240 2626; x_wconf 79' lang='lat' dir='ltr'>Gemeinwohl</span> <span class='ocrx_word' id='word_1_478' title='bbox 1271 2591 1384 2626; x_wconf 85' lang='lat' dir='ltr'>durch</span> <span class='ocrx_word' id='word_1_479' title='bbox 1417 2590 1474 2625; x_wconf 83' lang='lat' dir='ltr'>die</span> <span class='ocrx_word' id='word_1_480' title='bbox 1498 2599 1626 2632; x_wconf 84' lang='lat' dir='ltr'>vorge-</span> 
     </span>
     <span class='ocr_line' id='line_1_93' title="bbox 889 2635 1627 2678; baseline 0 -9"><span class='ocrx_word' id='word_1_481' title='bbox 889 2635 1083 2677; x_wconf 83' lang='lat' dir='ltr'>schlagene</span> <span class='ocrx_word' id='word_1_482' title='bbox 1102 2635 1296 2678; x_wconf 71' lang='lat' dir='ltr'>Massregel</span> <span class='ocrx_word' id='word_1_483' title='bbox 1320 2635 1514 2677; x_wconf 76' lang='lat' dir='ltr'>gewinnen</span> <span class='ocrx_word' id='word_1_484' title='bbox 1528 2636 1627 2669; x_wconf 73' lang='lat' dir='ltr'>wilr-</span> 
     </span>
     <span class='ocr_line' id='line_1_94' title="bbox 890 2678 1628 2722; baseline -0.001 -8"><span class='ocrx_word' id='word_1_485' title='bbox 890 2680 950 2719; x_wconf 85' lang='lat' dir='ltr'>de;</span> <span class='ocrx_word' id='word_1_486' title='bbox 992 2680 1067 2714; x_wconf 79' lang='lat' dir='ltr'>sint</span> <span class='ocrx_word' id='word_1_487' title='bbox 1106 2679 1246 2722; x_wconf 83' lang='lat' dir='ltr'>spricht</span> <span class='ocrx_word' id='word_1_488' title='bbox 1282 2679 1337 2715; x_wconf 88' lang='lat' dir='ltr'>ein</span> <span class='ocrx_word' id='word_1_489' title='bbox 1369 2678 1628 2714; x_wconf 86' lang='lat' dir='ltr'>bescheidenes</span> 
     </span>
     <span class='ocr_line' id='line_1_95' title="bbox 891 2723 1628 2766; baseline -0.003 -7"><span class='ocrx_word' id='word_1_490' title='bbox 891 2723 1030 2759; x_wconf 87' lang='lat' dir='ltr'>Urtheil</span> <span class='ocrx_word' id='word_1_491' title='bbox 1055 2733 1118 2759; x_wconf 86' lang='lat' dir='ltr'>aus</span> <span class='ocrx_word' id='word_1_492' title='bbox 1144 2724 1217 2758; x_wconf 86' lang='lat' dir='ltr'>und</span> <span class='ocrx_word' id='word_1_493' title='bbox 1243 2723 1306 2759; x_wconf 86' lang='lat' dir='ltr'>der</span> <span class='ocrx_word' id='word_1_494' title='bbox 1325 2723 1424 2766; x_wconf 88' lang='lat' dir='ltr'>Conj.</span> <span class='ocrx_word' id='word_1_495' title='bbox 1448 2723 1546 2760; x_wconf 85' lang='lat' dir='ltr'>steht</span> <span class='ocrx_word' id='word_1_496' title='bbox 1563 2724 1628 2757; x_wconf 86' lang='lat' dir='ltr'>mit</span> 
     </span>
     <span class='ocr_line' id='line_1_96' title="bbox 892 2767 1628 2812; baseline 0.004 -9"><span class='ocrx_word' id='word_1_497' title='bbox 892 2769 971 2803; x_wconf 83' lang='lat' dir='ltr'>dem</span> <span class='ocrx_word' id='word_1_498' title='bbox 997 2769 1147 2810; x_wconf 77' lang='lat' dir='ltr'>vorigen</span> <span class='ocrx_word' id='word_1_499' title='bbox 1169 2769 1237 2812; x_wconf 82' lang='lat' dir='ltr'>fiat</span> <span class='ocrx_word' id='word_1_500' title='bbox 1261 2767 1324 2804; x_wconf 86' lang='lat' dir='ltr'>auf</span> <span class='ocrx_word' id='word_1_501' title='bbox 1339 2767 1500 2811; x_wconf 85' lang='lat' dir='ltr'>gleicher</span> <span class='ocrx_word' id='word_1_502' title='bbox 1516 2767 1628 2806; x_wconf 79' lang='lat' dir='ltr'>Linie,</span> 
     </span>
    </p>
   </div>
   <div class='ocr_carea' id='block_1_28' title="bbox 1336 2826 1358 2856">
    <p class='ocr_par' dir='ltr' id='par_1_38' title="bbox 1336 2826 1358 2856">
     <span class='ocr_line' id='line_1_97' title="bbox 1336 2826 1358 2856; baseline 0 0"><span class='ocrx_word' id='word_1_503' title='bbox 1336 2826 1358 2856; x_wconf 89' lang='lat'>4</span> 
     </span>
    </p>
   </div>
  </div>
 </body>
</html>
